{
  "last_updated": "2025-11-20T20:08:53.217455",
  "total_rows": 7875,
  "date_range": {
    "start": "2025-01-01",
    "end": "2025-11-20"
  },
  "months": [
    {
      "month": "2025-11",
      "filename": "2025-11.csv",
      "rows": 627,
      "size_kb": 129.1,
      "date_range": {
        "start": "2025-11-01",
        "end": "2025-11-20"
      },
      "metrics": {
        "total_cost": 11424644.404192,
        "total_impressions": 1432139,
        "total_clicks": 16690,
        "total_conversions": 540,
        "total_revenue": 16914471.505599998
      }
    },
    {
      "month": "2025-10",
      "filename": "2025-10.csv",
      "rows": 1499,
      "size_kb": 315.4,
      "date_range": {
        "start": "2025-10-01",
        "end": "2025-10-31"
      },
      "metrics": {
        "total_cost": 37555280.53615,
        "total_impressions": 4735762,
        "total_clicks": 53623,
        "total_conversions": 2055,
        "total_revenue": 67158643.2353
      }
    },
    {
      "month": "2025-09",
      "filename": "2025-09.csv",
      "rows": 1421,
      "size_kb": 296.0,
      "date_range": {
        "start": "2025-09-01",
        "end": "2025-09-30"
      },
      "metrics": {
        "total_cost": 39273837.645812005,
        "total_impressions": 4188848,
        "total_clicks": 49076,
        "total_conversions": 2276,
        "total_revenue": 71577361.942
      }
    },
    {
      "month": "2025-08",
      "filename": "2025-08.csv",
      "rows": 1522,
      "size_kb": 316.2,
      "date_range": {
        "start": "2025-08-01",
        "end": "2025-08-31"
      },
      "metrics": {
        "total_cost": 44078908.563622996,
        "total_impressions": 6868233,
        "total_clicks": 68794,
        "total_conversions": 2859,
        "total_revenue": 87809745.83919999
      }
    },
    {
      "month": "2025-07",
      "filename": "2025-07.csv",
      "rows": 1548,
      "size_kb": 316.6,
      "date_range": {
        "start": "2025-07-01",
        "end": "2025-07-31"
      },
      "metrics": {
        "total_cost": 43172620.074296,
        "total_impressions": 6726575,
        "total_clicks": 67621,
        "total_conversions": 3077,
        "total_revenue": 96827208.3736
      }
    },
    {
      "month": "2025-06",
      "filename": "2025-06.csv",
      "rows": 1055,
      "size_kb": 211.0,
      "date_range": {
        "start": "2025-06-01",
        "end": "2025-06-30"
      },
      "metrics": {
        "total_cost": 36333367.882842004,
        "total_impressions": 4271059,
        "total_clicks": 52456,
        "total_conversions": 2031,
        "total_revenue": 60790431.8144
      }
    },
    {
      "month": "2025-05",
      "filename": "2025-05.csv",
      "rows": 44,
      "size_kb": 9.9,
      "date_range": {
        "start": "2025-05-01",
        "end": "2025-05-31"
      },
      "metrics": {
        "total_cost": 3687233.1771299997,
        "total_impressions": 2267735,
        "total_clicks": 11730,
        "total_conversions": 207,
        "total_revenue": 6075296.1362000005
      }
    },
    {
      "month": "2025-04",
      "filename": "2025-04.csv",
      "rows": 30,
      "size_kb": 7.0,
      "date_range": {
        "start": "2025-04-01",
        "end": "2025-04-30"
      },
      "metrics": {
        "total_cost": 4238630.248910001,
        "total_impressions": 1369432,
        "total_clicks": 10756,
        "total_conversions": 186,
        "total_revenue": 5312328.102999999
      }
    },
    {
      "month": "2025-03",
      "filename": "2025-03.csv",
      "rows": 31,
      "size_kb": 7.3,
      "date_range": {
        "start": "2025-03-01",
        "end": "2025-03-31"
      },
      "metrics": {
        "total_cost": 6080761.928300001,
        "total_impressions": 2221298,
        "total_clicks": 16864,
        "total_conversions": 490,
        "total_revenue": 13511630.090599999
      }
    },
    {
      "month": "2025-02",
      "filename": "2025-02.csv",
      "rows": 28,
      "size_kb": 6.6,
      "date_range": {
        "start": "2025-02-01",
        "end": "2025-02-28"
      },
      "metrics": {
        "total_cost": 4563103.9511,
        "total_impressions": 1413481,
        "total_clicks": 13238,
        "total_conversions": 384,
        "total_revenue": 10643704.630499998
      }
    },
    {
      "month": "2025-01",
      "filename": "2025-01.csv",
      "rows": 70,
      "size_kb": 14.0,
      "date_range": {
        "start": "2025-01-01",
        "end": "2025-01-31"
      },
      "metrics": {
        "total_cost": 7335354.83183,
        "total_impressions": 3466000,
        "total_clicks": 19309,
        "total_conversions": 525,
        "total_revenue": 14174852.4507
      }
    }
  ],
  "total_metrics": {
    "cost": 237743743.244185,
    "impressions": 38960562,
    "clicks": 380157,
    "conversions": 14638,
    "revenue": 450795674.1211
  },
  "kpis": {
    "ctr": 0.98,
    "cpc": 625.0,
    "cpa": 16242.0,
    "cvr": 3.85,
    "roas": 190.0
  }
}