{
  "summary": {
    "total_cost": 18256043.0,
    "total_conversions": 232.0,
    "total_revenue": 155875000.0,
    "overall_roas": 853.8268670817658,
    "overall_cpa": 78689.84051724138,
    "analysis_period": {
      "start_date": "2025-01-01",
      "end_date": "2025-12-29",
      "total_days": 361
    }
  },
  "summary_card": {
    "title": "ë§ˆì¼€íŒ… ì¢…í•© ì§„ë‹¨",
    "total_roas": "853.8%",
    "total_roas_formatted": "ROAS 854%",
    "total_revenue_formatted": "1.6ì–µ ì›",
    "total_cost_formatted": "1,826ë§Œ ì›",
    "message": "ì„±ê³¼ê°€ ì¢‹ìŠµë‹ˆë‹¤! ğŸ˜Š ì•½ê°„ì˜ ìµœì í™”ë¡œ ë” ì¢‹ì€ ê²°ê³¼ë¥¼ ë‚¼ ìˆ˜ ìˆì–´ìš”."
  },
  "top_recommendations": [
    {
      "source": "alert",
      "title": "ğŸ¯ ë‚¨ì„± ê³ ê°ì´ ì—´ê´‘í•˜ê³  ìˆì–´ìš”!",
      "message": "ë‚¨ì„± íƒ€ê²ŸíŒ…ì˜ ROASê°€ 893%ë¡œ ìš°ìˆ˜í•©ë‹ˆë‹¤.",
      "action": "ë‚¨ì„± íƒ€ê²Ÿì˜ ë°˜ì‘ì´ ì¢‹ìŠµë‹ˆë‹¤. ê°„ê²°í•˜ê³  ì§ê´€ì ì¸ ë©”ì‹œì§€ë¡œ í•µì‹¬ ê°€ì¹˜ë¥¼ ì „ë‹¬í•˜ì„¸ìš”.",
      "category": "íƒ€ê²ŸíŒ…",
      "score": 5,
      "severity": "opportunity"
    },
    {
      "source": "recommendation",
      "title": "ğŸ¯ ë‚¨ì„± íƒ€ê²ŸíŒ… ê°•í™”í•˜ê¸°",
      "message": "ë‚¨ì„± íƒ€ê²Ÿ ê´‘ê³ ì˜ ë¹„ì¤‘ì„ ë†’ì´ì„¸ìš”. í˜„ì¬ ROAS 893%ë¡œ ê°€ì¥ ë†’ìŠµë‹ˆë‹¤.",
      "action": "ë‚¨ì„± íƒ€ê²Ÿì˜ ë°˜ì‘ì´ ì¢‹ìŠµë‹ˆë‹¤. ê°„ê²°í•˜ê³  ì§ê´€ì ì¸ ë©”ì‹œì§€ë¡œ í•µì‹¬ ê°€ì¹˜ë¥¼ ì „ë‹¬í•˜ì„¸ìš”.",
      "category": "íƒ€ê²ŸíŒ…",
      "score": 5,
      "priority": "high",
      "expected_impact": "CPA 15-25% ì ˆê° ê°€ëŠ¥"
    },
    {
      "source": "recommendation",
      "title": "â­ 'ê¸°íƒ€' ë¸Œëœë“œê°€ ëŒ€ì„¸ì˜ˆìš”!",
      "message": "ê¸°íƒ€ ë¸Œëœë“œì˜ ROASê°€ 854%ë¡œ ê°€ì¥ ë†’ìŠµë‹ˆë‹¤.",
      "action": "í•´ë‹¹ ë¸Œëœë“œ ê´‘ê³  ë¹„ì¤‘ì„ í™•ëŒ€í•˜ì„¸ìš”.",
      "category": "ë¸Œëœë“œ",
      "score": 5,
      "priority": "high",
      "expected_impact": "ROAS 15-30% ê°œì„  ê°€ëŠ¥"
    },
    {
      "source": "recommendation",
      "title": "ğŸš€ ë¼ì´ì§• ìŠ¤íƒ€: 'ê¸°íƒ€'",
      "message": "ê¸°íƒ€ ìƒí’ˆì˜ ROASê°€ 854%ë¡œ ê°€ì¥ íš¨ìœ¨ì ì…ë‹ˆë‹¤.",
      "action": "ì´ ìƒí’ˆì„ ë©”ì¸ ë°°ë„ˆ ê°€ì¥ ì˜ ë³´ì´ëŠ” ê³³ì— ë°°ì¹˜í•˜ì„¸ìš”.",
      "category": "ìƒí’ˆ ì „ëµ",
      "score": 5,
      "priority": "high",
      "expected_impact": "ë§¤ì¶œ 20-35% ì¦ê°€ ì˜ˆìƒ"
    },
    {
      "source": "alert",
      "title": "ğŸ“ˆ ë§¤ì¶œì´ ì‘¥ì‘¥ ì˜¤ë¥´ê³  ìˆì–´ìš”!",
      "message": "ìµœê·¼ 30ì¼ ë§¤ì¶œì´ ì´ì „ ëŒ€ë¹„ 40.0% ì¦ê°€í–ˆìŠµë‹ˆë‹¤!",
      "action": "í˜„ì¬ ì „ëµì„ ìœ ì§€í•˜ë©´ì„œ ì„±ê³¼ ìš”ì¸ì„ ë¶„ì„í•´ë³´ì„¸ìš”.",
      "category": "ë§¤ì¶œ ë¶„ì„",
      "score": 4,
      "severity": "positive"
    }
  ],
  "top_categories": [
    {
      "name": "êµ¬ë¶„í•„ìš”",
      "cost": 18256043.0,
      "conversions": 232.0,
      "revenue": 155875000.0,
      "roas": 853.8268670817658,
      "cpa": 78689.84051724138
    }
  ],
  "top_conversion_categories": [
    {
      "name": "êµ¬ë¶„í•„ìš”",
      "campaign_type": "ì „í™˜",
      "cost": 18256043.0,
      "clicks": 15525.0,
      "conversions": 232.0,
      "revenue": 155875000.0,
      "roas": 853.8268670817658,
      "cpa": 78689.84051724138,
      "cpc": 1175.9125925925925,
      "ctr": 2.7314809113029646
    }
  ],
  "top_traffic_categories": [],
  "gender_performance": [
    {
      "gender": "ë‚¨ì„±",
      "campaign_type": "ì „í™˜",
      "cost": 12265164.0,
      "clicks": 9365.0,
      "conversions": 163.0,
      "revenue": 109515625.0,
      "roas": 892.8998014213264,
      "cpc": 1309.6811532301122,
      "performance_level": "ì–‘í˜¸"
    },
    {
      "gender": "ì—¬ì„±",
      "campaign_type": "ì „í™˜",
      "cost": 5733774.0,
      "clicks": 5946.0,
      "conversions": 68.0,
      "revenue": 45687500.0,
      "roas": 796.8137565240626,
      "cpc": 964.3077699293643,
      "performance_level": "ì–‘í˜¸"
    }
  ],
  "gender_traffic_performance": [
    {
      "gender": "ë‚¨ì„±",
      "campaign_type": "íŠ¸ë˜í”½",
      "cost": 133066.0,
      "clicks": 449.0,
      "impressions": 12308.0,
      "cpc": 296.36080178173717,
      "ctr": 3.648033799155021,
      "performance_level": "ìš°ìˆ˜"
    },
    {
      "gender": "ì—¬ì„±",
      "campaign_type": "íŠ¸ë˜í”½",
      "cost": 134408.0,
      "clicks": 431.0,
      "impressions": 7702.0,
      "cpc": 311.85150812064967,
      "ctr": 5.595949104128798,
      "performance_level": "ìš°ìˆ˜"
    }
  ],
  "gender_matrix_insights": [
    {
      "type": "dimension_insight",
      "sub_type": "core_driver",
      "dimension": "gender",
      "target": "ë‚¨ì„±",
      "severity": "positive",
      "title": "ğŸ‘‘ ë‚¨ì„±: í•µì‹¬ ë™ë ¥ (Core Driver)",
      "message": "ì˜ˆì‚° ë¹„ì¤‘ì´ ë†’ê³  íš¨ìœ¨ë„ ìµœìƒìœ„ê¶Œì…ë‹ˆë‹¤. (ìƒìœ„ 0%)",
      "action": "ê°€ì¥ ë°˜ì‘ì´ ì¢‹ì€ í•µì‹¬ íƒ€ê²Ÿì…ë‹ˆë‹¤. ìœ ì‚¬ íƒ€ê²Ÿ(Lookalike) ì†ŒìŠ¤ë¡œ í™œìš©í•˜ì—¬ ëª¨ìˆ˜ë¥¼ í™•ì¥í•˜ì„¸ìš”.",
      "metrics": {
        "efficiency_value": 892.8998014213264,
        "spend_rank_pct": 1.0,
        "eff_rank_pct": 1.0,
        "cost": 12265164.0
      }
    }
  ],
  "top_adsets": [
    {
      "campaign": "[GM]250821_CPL ìµœì í™”(ì¸ìŠ¤í„´íŠ¸ í¼)_lead",
      "adset": "CPL ìµœì í™”_25821_2555_EMMA ì¸ìŠ¤í„´íŠ¸í¼_RT",
      "category": "êµ¬ë¶„í•„ìš”",
      "cost": 38550.0,
      "conversions": 2.0,
      "revenue": 1343750.0,
      "roas": 3485.7328145265888
    },
    {
      "campaign": "[GM]250323_í”„ë¼ì´ì‹±_êµ¬ë¶„",
      "adset": "í”„ë¼ì´ì‹±_êµ¬ë¶„",
      "category": "êµ¬ë¶„í•„ìš”",
      "cost": 20925.0,
      "conversions": 1.0,
      "revenue": 671875.0,
      "roas": 3210.872162485066
    },
    {
      "campaign": "[GM] ê·¸ë¡œìŠ¤ë©”ì´ì»¤ ì ì¬ê³ ê° DB ìˆ˜ì§‘ ì „í™˜ ëª©ì  ìº í˜ì¸",
      "adset": "[GM]250313_ëœë”©í…ŒìŠ¤íŠ¸_ê·¸ë¡œìŠ¤ë©”ì´ì»¤",
      "category": "êµ¬ë¶„í•„ìš”",
      "cost": 124666.0,
      "conversions": 5.0,
      "revenue": 3359375.0,
      "roas": 2694.7002390387115
    },
    {
      "campaign": "[GM] ê·¸ë¡œìŠ¤ë©”ì´ì»¤ ì ì¬ê³ ê° DB ìˆ˜ì§‘ ì „í™˜ ëª©ì  ìº í˜ì¸",
      "adset": "[GM]241121_í”„ë¼ì´ì‹±_2_ì‹ ë””ìì¸",
      "category": "êµ¬ë¶„í•„ìš”",
      "cost": 559487.0,
      "conversions": 17.0,
      "revenue": 11421875.0,
      "roas": 2041.4906870043449
    },
    {
      "campaign": "[GM] ê·¸ë¡œìŠ¤ë©”ì´ì»¤ ì ì¬ê³ ê° DB ìˆ˜ì§‘ ì „í™˜ ëª©ì  ìº í˜ì¸",
      "adset": "250103_ê²€ìƒ‰ê¸°ë¡",
      "category": "êµ¬ë¶„í•„ìš”",
      "cost": 320072.0,
      "conversions": 9.0,
      "revenue": 6046875.0,
      "roas": 1889.223362243495
    },
    {
      "campaign": "[GM]250502_\bCPLìµœì í™”",
      "adset": "CPLìµœì í™”_250502_ê¸°ë³¸íƒ€ê²ŸíŒ…",
      "category": "êµ¬ë¶„í•„ìš”",
      "cost": 1701694.0,
      "conversions": 38.0,
      "revenue": 25531250.0,
      "roas": 1500.3431874355788
    },
    {
      "campaign": "[GM] ê·¸ë¡œìŠ¤ë©”ì´ì»¤ ì ì¬ê³ ê° DB ìˆ˜ì§‘ ì „í™˜ ëª©ì  ìº í˜ì¸",
      "adset": "250117_ëŒ€ì‹œë³´ë“œêµ¬ì¶•",
      "category": "êµ¬ë¶„í•„ìš”",
      "cost": 253057.0,
      "conversions": 5.0,
      "revenue": 3359375.0,
      "roas": 1327.5171206487078
    },
    {
      "campaign": "[GM]250731_\bCPLìµœì í™”_lead",
      "adset": "CPLìµœì í™”_250730_3055_EMMA ëœë”© í…ŒìŠ¤íŠ¸_RT+LAL",
      "category": "êµ¬ë¶„í•„ìš”",
      "cost": 204217.0,
      "conversions": 4.0,
      "revenue": 2687500.0,
      "roas": 1316.0020958098494
    },
    {
      "campaign": "[GM]250731_\bCPLìµœì í™”_lead",
      "adset": "CPLìµœì í™”_250730_3055_EMMA ëœë”© í…ŒìŠ¤íŠ¸ _RT",
      "category": "êµ¬ë¶„í•„ìš”",
      "cost": 883712.0,
      "conversions": 17.0,
      "revenue": 11421875.0,
      "roas": 1292.4883898826768
    },
    {
      "campaign": "[GM]250731_\bCPLìµœì í™”_lead",
      "adset": "CPLìµœì í™”_250813_2560_EMMA ëœë”© í…ŒìŠ¤íŠ¸ _RT_video",
      "category": "êµ¬ë¶„í•„ìš”",
      "cost": 61687.0,
      "conversions": 1.0,
      "revenue": 671875.0,
      "roas": 1089.1678959910516
    }
  ],
  "age_gender_combinations": [
    {
      "adset": "CPL ìµœì í™”_25821_2555_EMMA ì¸ìŠ¤í„´íŠ¸í¼_RT",
      "age": "55ì„¸ ~ 64ì„¸",
      "gender": "ë‚¨ì„±",
      "campaign_type": "ì „í™˜",
      "roas": 34740.175801447775,
      "conversions": 1.0,
      "recommendation": "55ì„¸ ~ 64ì„¸ ë‚¨ì„± íƒ€ê²ŸíŒ…ì´ íš¨ê³¼ì ì…ë‹ˆë‹¤",
      "cpc": 1934.0
    },
    {
      "adset": "CPL ìµœì í™”_25821_2555_EMMA ì¸ìŠ¤í„´íŠ¸í¼_RT",
      "age": "25ì„¸ ~ 34ì„¸",
      "gender": "ì—¬ì„±",
      "campaign_type": "ì „í™˜",
      "roas": 14789.236187541272,
      "conversions": 1.0,
      "recommendation": "25ì„¸ ~ 34ì„¸ ì—¬ì„± íƒ€ê²ŸíŒ…ì´ íš¨ê³¼ì ì…ë‹ˆë‹¤",
      "cpc": 908.6
    },
    {
      "adset": "í”„ë¼ì´ì‹±_êµ¬ë¶„",
      "age": "35ì„¸ ~ 44ì„¸",
      "gender": "ë‚¨ì„±",
      "campaign_type": "ì „í™˜",
      "roas": 13094.426037809393,
      "conversions": 1.0,
      "recommendation": "35ì„¸ ~ 44ì„¸ ë‚¨ì„± íƒ€ê²ŸíŒ…ì´ íš¨ê³¼ì ì…ë‹ˆë‹¤",
      "cpc": 733.0
    },
    {
      "adset": "[GM]250313_ëœë”©í…ŒìŠ¤íŠ¸_ê·¸ë¡œìŠ¤íŒ€",
      "age": "35ì„¸ ~ 44ì„¸",
      "gender": "ì—¬ì„±",
      "campaign_type": "ì „í™˜",
      "roas": 10381.257725587144,
      "conversions": 1.0,
      "recommendation": "35ì„¸ ~ 44ì„¸ ì—¬ì„± íƒ€ê²ŸíŒ…ì´ íš¨ê³¼ì ì…ë‹ˆë‹¤",
      "cpc": 3236.0
    },
    {
      "adset": "250103_ê²€ìƒ‰ê¸°ë¡",
      "age": "45ì„¸ ~ 54ì„¸",
      "gender": "ì—¬ì„±",
      "campaign_type": "ì „í™˜",
      "roas": 7622.815974585886,
      "conversions": 2.0,
      "recommendation": "45ì„¸ ~ 54ì„¸ ì—¬ì„± íƒ€ê²ŸíŒ…ì´ íš¨ê³¼ì ì…ë‹ˆë‹¤",
      "cpc": 2938.0
    }
  ],
  "age_gender_traffic_combinations": [
    {
      "adset": "[GM] íŠ¸ë˜í”½ ì„¸íŠ¸",
      "age": "19ì„¸ ~ 24ì„¸",
      "gender": "ë‚¨ì„±",
      "campaign_type": "íŠ¸ë˜í”½",
      "cpc": 260.0285714285714,
      "clicks": 35.0,
      "recommendation": "19ì„¸ ~ 24ì„¸ ë‚¨ì„± íƒ€ê²Ÿì—ì„œ CPCê°€ íš¨ìœ¨ì ì…ë‹ˆë‹¤"
    },
    {
      "adset": "[GM] íŠ¸ë˜í”½ ì„¸íŠ¸",
      "age": "35ì„¸ ~ 44ì„¸",
      "gender": "ë‚¨ì„±",
      "campaign_type": "íŠ¸ë˜í”½",
      "cpc": 269.9590163934426,
      "clicks": 122.0,
      "recommendation": "35ì„¸ ~ 44ì„¸ ë‚¨ì„± íƒ€ê²Ÿì—ì„œ CPCê°€ íš¨ìœ¨ì ì…ë‹ˆë‹¤"
    },
    {
      "adset": "[GM] íŠ¸ë˜í”½ ì„¸íŠ¸",
      "age": "65ì„¸ ì´ìƒ",
      "gender": "ë‚¨ì„±",
      "campaign_type": "íŠ¸ë˜í”½",
      "cpc": 277.38271604938274,
      "clicks": 81.0,
      "recommendation": "65ì„¸ ì´ìƒ ë‚¨ì„± íƒ€ê²Ÿì—ì„œ CPCê°€ íš¨ìœ¨ì ì…ë‹ˆë‹¤"
    },
    {
      "adset": "[GM] íŠ¸ë˜í”½ ì„¸íŠ¸",
      "age": "25ì„¸ ~ 34ì„¸",
      "gender": "ì—¬ì„±",
      "campaign_type": "íŠ¸ë˜í”½",
      "cpc": 295.2456140350877,
      "clicks": 57.0,
      "recommendation": "25ì„¸ ~ 34ì„¸ ì—¬ì„± íƒ€ê²Ÿì—ì„œ CPCê°€ íš¨ìœ¨ì ì…ë‹ˆë‹¤"
    },
    {
      "adset": "[GM] íŠ¸ë˜í”½ ì„¸íŠ¸",
      "age": "35ì„¸ ~ 44ì„¸",
      "gender": "ì—¬ì„±",
      "campaign_type": "íŠ¸ë˜í”½",
      "cpc": 299.4418604651163,
      "clicks": 86.0,
      "recommendation": "35ì„¸ ~ 44ì„¸ ì—¬ì„± íƒ€ê²Ÿì—ì„œ CPCê°€ íš¨ìœ¨ì ì…ë‹ˆë‹¤"
    }
  ],
  "age_gender_matrix_insights": [
    {
      "type": "dimension_insight",
      "sub_type": "underperformer",
      "dimension": "age_gender",
      "target": "19ì„¸ ~ 24ì„¸ ì—¬ì„±",
      "severity": "warning",
      "title": "ğŸ’¤ 19ì„¸ ~ 24ì„¸ ì—¬ì„±: ì„±ê³¼ ë¶€ì§„",
      "message": "íš¨ìœ¨ì´ ë‚®ì•„ ì˜ˆì‚° íˆ¬ì… ë§¤ë ¥ì´ ë–¨ì–´ì§‘ë‹ˆë‹¤.",
      "action": "ì„±ê³¼ê°€ ì €ì¡°í•©ë‹ˆë‹¤. ì—°ë ¹/ì„±ë³„ ì œì™¸ ì„¤ì •ì„ í†µí•´ ì˜ˆì‚° ë‚­ë¹„ë¥¼ ë§‰ìœ¼ì„¸ìš”.",
      "metrics": {
        "efficiency_value": 0.0,
        "spend_rank_pct": 0.33,
        "eff_rank_pct": 0.12,
        "cost": 436475.0
      }
    },
    {
      "type": "dimension_insight",
      "sub_type": "core_driver",
      "dimension": "age_gender",
      "target": "35ì„¸ ~ 44ì„¸ ë‚¨ì„±",
      "severity": "positive",
      "title": "ğŸ‘‘ 35ì„¸ ~ 44ì„¸ ë‚¨ì„±: í•µì‹¬ ë™ë ¥ (Core Driver)",
      "message": "ì˜ˆì‚° ë¹„ì¤‘ì´ ë†’ê³  íš¨ìœ¨ë„ ìµœìƒìœ„ê¶Œì…ë‹ˆë‹¤. (ìƒìœ„ 0%)",
      "action": "ê°€ì¥ ë°˜ì‘ì´ ì¢‹ì€ í•µì‹¬ íƒ€ê²Ÿì…ë‹ˆë‹¤. ìœ ì‚¬ íƒ€ê²Ÿ(Lookalike) ì†ŒìŠ¤ë¡œ í™œìš©í•˜ì—¬ ëª¨ìˆ˜ë¥¼ í™•ì¥í•˜ì„¸ìš”.",
      "metrics": {
        "efficiency_value": 1232.4994630506214,
        "spend_rank_pct": 0.92,
        "eff_rank_pct": 1.0,
        "cost": 3924951.0
      }
    },
    {
      "type": "dimension_insight",
      "sub_type": "core_driver",
      "dimension": "age_gender",
      "target": "35ì„¸ ~ 44ì„¸ ì—¬ì„±",
      "severity": "positive",
      "title": "ğŸ‘‘ 35ì„¸ ~ 44ì„¸ ì—¬ì„±: í•µì‹¬ ë™ë ¥ (Core Driver)",
      "message": "ì˜ˆì‚° ë¹„ì¤‘ì´ ë†’ê³  íš¨ìœ¨ë„ ìµœìƒìœ„ê¶Œì…ë‹ˆë‹¤. (ìƒìœ„ 8%)",
      "action": "ê°€ì¥ ë°˜ì‘ì´ ì¢‹ì€ í•µì‹¬ íƒ€ê²Ÿì…ë‹ˆë‹¤. ìœ ì‚¬ íƒ€ê²Ÿ(Lookalike) ì†ŒìŠ¤ë¡œ í™œìš©í•˜ì—¬ ëª¨ìˆ˜ë¥¼ í™•ì¥í•˜ì„¸ìš”.",
      "metrics": {
        "efficiency_value": 1043.0568515000211,
        "spend_rank_pct": 0.75,
        "eff_rank_pct": 0.92,
        "cost": 1868007.0
      }
    },
    {
      "type": "dimension_insight",
      "sub_type": "efficiency_star",
      "dimension": "age_gender",
      "target": "45ì„¸ ~ 54ì„¸ ì—¬ì„±",
      "severity": "opportunity",
      "title": "ğŸ’ 45ì„¸ ~ 54ì„¸ ì—¬ì„±: íš¨ìœ¨ ìŠ¤íƒ€ (Scale-up ê¸°íšŒ)",
      "message": "ì ì€ ì˜ˆì‚°ìœ¼ë¡œ ë†’ì€ íš¨ìœ¨ì„ ë‚´ê³  ìˆìŠµë‹ˆë‹¤. ì˜ˆì‚° ì¦ì•¡ ì‹œ ì„±ì¥ì´ ê¸°ëŒ€ë©ë‹ˆë‹¤.",
      "action": "íš¨ìœ¨ì€ ê²€ì¦ë˜ì—ˆìŠµë‹ˆë‹¤. ì˜ˆì‚°ì„ 20%ì”© ì¦ì•¡í•˜ì—¬ ë°˜ì‘ì´ ìœ ì§€ë˜ëŠ”ì§€ í…ŒìŠ¤íŠ¸í•˜ì„¸ìš” (Scale-up).",
      "metrics": {
        "efficiency_value": 852.4536709271905,
        "spend_rank_pct": 0.5,
        "eff_rank_pct": 0.75,
        "cost": 788166.0
      }
    },
    {
      "type": "dimension_insight",
      "sub_type": "efficiency_star",
      "dimension": "age_gender",
      "target": "55ì„¸ ~ 64ì„¸ ë‚¨ì„±",
      "severity": "opportunity",
      "title": "ğŸ’ 55ì„¸ ~ 64ì„¸ ë‚¨ì„±: íš¨ìœ¨ ìŠ¤íƒ€ (Scale-up ê¸°íšŒ)",
      "message": "ì ì€ ì˜ˆì‚°ìœ¼ë¡œ ë†’ì€ íš¨ìœ¨ì„ ë‚´ê³  ìˆìŠµë‹ˆë‹¤. ì˜ˆì‚° ì¦ì•¡ ì‹œ ì„±ì¥ì´ ê¸°ëŒ€ë©ë‹ˆë‹¤.",
      "action": "íš¨ìœ¨ì€ ê²€ì¦ë˜ì—ˆìŠµë‹ˆë‹¤. ì˜ˆì‚°ì„ 20%ì”© ì¦ì•¡í•˜ì—¬ ë°˜ì‘ì´ ìœ ì§€ë˜ëŠ”ì§€ í…ŒìŠ¤íŠ¸í•˜ì„¸ìš” (Scale-up).",
      "metrics": {
        "efficiency_value": 941.2090201970323,
        "spend_rank_pct": 0.58,
        "eff_rank_pct": 0.83,
        "cost": 856611.0
      }
    },
    {
      "type": "dimension_insight",
      "sub_type": "underperformer",
      "dimension": "age_gender",
      "target": "55ì„¸ ~ 64ì„¸ ì—¬ì„±",
      "severity": "warning",
      "title": "ğŸ’¤ 55ì„¸ ~ 64ì„¸ ì—¬ì„±: ì„±ê³¼ ë¶€ì§„",
      "message": "íš¨ìœ¨ì´ ë‚®ì•„ ì˜ˆì‚° íˆ¬ì… ë§¤ë ¥ì´ ë–¨ì–´ì§‘ë‹ˆë‹¤.",
      "action": "ì„±ê³¼ê°€ ì €ì¡°í•©ë‹ˆë‹¤. ì—°ë ¹/ì„±ë³„ ì œì™¸ ì„¤ì •ì„ í†µí•´ ì˜ˆì‚° ë‚­ë¹„ë¥¼ ë§‰ìœ¼ì„¸ìš”.",
      "metrics": {
        "efficiency_value": 0.0,
        "spend_rank_pct": 0.17,
        "eff_rank_pct": 0.12,
        "cost": 236844.0
      }
    },
    {
      "type": "dimension_insight",
      "sub_type": "underperformer",
      "dimension": "age_gender",
      "target": "65ì„¸ ì´ìƒ ë‚¨ì„±",
      "severity": "warning",
      "title": "ğŸ’¤ 65ì„¸ ì´ìƒ ë‚¨ì„±: ì„±ê³¼ ë¶€ì§„",
      "message": "íš¨ìœ¨ì´ ë‚®ì•„ ì˜ˆì‚° íˆ¬ì… ë§¤ë ¥ì´ ë–¨ì–´ì§‘ë‹ˆë‹¤.",
      "action": "ì„±ê³¼ê°€ ì €ì¡°í•©ë‹ˆë‹¤. ì—°ë ¹/ì„±ë³„ ì œì™¸ ì„¤ì •ì„ í†µí•´ ì˜ˆì‚° ë‚­ë¹„ë¥¼ ë§‰ìœ¼ì„¸ìš”.",
      "metrics": {
        "efficiency_value": 159.13478049762557,
        "spend_rank_pct": 0.25,
        "eff_rank_pct": 0.25,
        "cost": 422205.0
      }
    }
  ],
  "device_performance": [
    {
      "device": "Other",
      "campaign_type": "ì „í™˜",
      "cost": 2104.0,
      "conversions": 0.0,
      "revenue": 0.0,
      "roas": 0.0,
      "clicks": 1.0,
      "cpc": 2104.0
    },
    {
      "device": "iPod",
      "campaign_type": "ì „í™˜",
      "cost": 94.0,
      "conversions": 0.0,
      "revenue": 0.0,
      "roas": 0.0,
      "clicks": 0.0,
      "cpc": 0.0
    },
    {
      "device": "ì•ˆë“œë¡œì´ë“œ",
      "campaign_type": "ì „í™˜",
      "cost": 8615881.0,
      "conversions": 96.0,
      "revenue": 64500000.0,
      "roas": 748.6175818816439,
      "clicks": 8038.0,
      "cpc": 1071.8936302562827
    },
    {
      "device": "ì• í”Œ",
      "campaign_type": "ì „í™˜",
      "cost": 8900098.0,
      "conversions": 127.0,
      "revenue": 85328125.0,
      "roas": 958.7324206991879,
      "clicks": 7318.0,
      "cpc": 1216.1926755944246
    },
    {
      "device": "ì›¹",
      "campaign_type": "ì „í™˜",
      "cost": 737033.0,
      "conversions": 10.0,
      "revenue": 6718750.0,
      "roas": 911.5941891340008,
      "clicks": 168.0,
      "cpc": 4387.101190476191
    }
  ],
  "device_traffic_performance": [
    {
      "device": "ì•ˆë“œë¡œì´ë“œ",
      "campaign_type": "íŠ¸ë˜í”½",
      "cost": 226673.0,
      "clicks": 761.0,
      "impressions": 9705.0,
      "cpc": 297.86202365308804,
      "ctr": 7.8413189077794945,
      "performance_level": "ìš°ìˆ˜"
    },
    {
      "device": "ì• í”Œ",
      "campaign_type": "íŠ¸ë˜í”½",
      "cost": 46691.0,
      "clicks": 144.0,
      "impressions": 10549.0,
      "cpc": 324.24305555555554,
      "ctr": 1.3650582993648688,
      "performance_level": "ìš°ìˆ˜"
    }
  ],
  "device_matrix_insights": [
    {
      "type": "dimension_insight",
      "sub_type": "underperformer",
      "dimension": "device",
      "target": "Other",
      "severity": "warning",
      "title": "ğŸ’¤ Other: ì„±ê³¼ ë¶€ì§„",
      "message": "íš¨ìœ¨ì´ ë‚®ì•„ ì˜ˆì‚° íˆ¬ì… ë§¤ë ¥ì´ ë–¨ì–´ì§‘ë‹ˆë‹¤.",
      "action": "íš¨ìœ¨ì´ ë‚˜ì©ë‹ˆë‹¤. ë””ìŠ¤í”Œë ˆì´ ê´‘ê³ ë¼ë©´ í•´ë‹¹ ê¸°ê¸° ë…¸ì¶œì„ ì œì™¸í•˜ì„¸ìš”.",
      "metrics": {
        "efficiency_value": 0.0,
        "spend_rank_pct": 0.4,
        "eff_rank_pct": 0.3,
        "cost": 2104.0
      }
    },
    {
      "type": "dimension_insight",
      "sub_type": "underperformer",
      "dimension": "device",
      "target": "iPod",
      "severity": "warning",
      "title": "ğŸ’¤ iPod: ì„±ê³¼ ë¶€ì§„",
      "message": "íš¨ìœ¨ì´ ë‚®ì•„ ì˜ˆì‚° íˆ¬ì… ë§¤ë ¥ì´ ë–¨ì–´ì§‘ë‹ˆë‹¤.",
      "action": "íš¨ìœ¨ì´ ë‚˜ì©ë‹ˆë‹¤. ë””ìŠ¤í”Œë ˆì´ ê´‘ê³ ë¼ë©´ í•´ë‹¹ ê¸°ê¸° ë…¸ì¶œì„ ì œì™¸í•˜ì„¸ìš”.",
      "metrics": {
        "efficiency_value": 0.0,
        "spend_rank_pct": 0.2,
        "eff_rank_pct": 0.3,
        "cost": 94.0
      }
    },
    {
      "type": "dimension_insight",
      "sub_type": "core_driver",
      "dimension": "device",
      "target": "ì• í”Œ",
      "severity": "positive",
      "title": "ğŸ‘‘ ì• í”Œ: í•µì‹¬ ë™ë ¥ (Core Driver)",
      "message": "ì˜ˆì‚° ë¹„ì¤‘ì´ ë†’ê³  íš¨ìœ¨ë„ ìµœìƒìœ„ê¶Œì…ë‹ˆë‹¤. (ìƒìœ„ 0%)",
      "action": "ì£¼ë ¥ ë§¤ì¶œ ë°œìƒ ê¸°ê¸°ì…ë‹ˆë‹¤. ê²°ì œ UXì— ë¬¸ì œê°€ ì—†ëŠ”ì§€ ì£¼ê¸°ì ìœ¼ë¡œ ì ê²€í•˜ì„¸ìš”.",
      "metrics": {
        "efficiency_value": 958.7324206991879,
        "spend_rank_pct": 1.0,
        "eff_rank_pct": 1.0,
        "cost": 8900098.0
      }
    },
    {
      "type": "dimension_insight",
      "sub_type": "core_driver",
      "dimension": "device",
      "target": "ì›¹",
      "severity": "positive",
      "title": "ğŸ‘‘ ì›¹: í•µì‹¬ ë™ë ¥ (Core Driver)",
      "message": "ì˜ˆì‚° ë¹„ì¤‘ì´ ë†’ê³  íš¨ìœ¨ë„ ìµœìƒìœ„ê¶Œì…ë‹ˆë‹¤. (ìƒìœ„ 19%)",
      "action": "ì£¼ë ¥ ë§¤ì¶œ ë°œìƒ ê¸°ê¸°ì…ë‹ˆë‹¤. ê²°ì œ UXì— ë¬¸ì œê°€ ì—†ëŠ”ì§€ ì£¼ê¸°ì ìœ¼ë¡œ ì ê²€í•˜ì„¸ìš”.",
      "metrics": {
        "efficiency_value": 911.5941891340008,
        "spend_rank_pct": 0.6,
        "eff_rank_pct": 0.8,
        "cost": 737033.0
      }
    }
  ],
  "deviceplatform_performance": [
    {
      "deviceplatform": "ëª¨ë°”ì¼ì›¹",
      "campaign_type": "ì „í™˜",
      "cost": 30148.0,
      "conversions": 0.0,
      "revenue": 0.0,
      "roas": 0.0,
      "clicks": 19.0,
      "cpc": 1586.7368421052631
    },
    {
      "deviceplatform": "ì•±",
      "campaign_type": "ì „í™˜",
      "cost": 17489681.0,
      "conversions": 223.0,
      "revenue": 149828125.0,
      "roas": 856.6658534252283,
      "clicks": 15338.0,
      "cpc": 1140.2843265093231
    },
    {
      "deviceplatform": "ì›¹",
      "campaign_type": "ì „í™˜",
      "cost": 735381.0,
      "conversions": 10.0,
      "revenue": 6718750.0,
      "roas": 913.6420440560743,
      "clicks": 168.0,
      "cpc": 4377.267857142857
    }
  ],
  "deviceplatform_traffic_performance": [
    {
      "deviceplatform": "ì•±",
      "campaign_type": "íŠ¸ë˜í”½",
      "cost": 273370.0,
      "clicks": 905.0,
      "impressions": 20255.0,
      "cpc": 302.0662983425414,
      "ctr": 4.468032584547026,
      "performance_level": "ìš°ìˆ˜"
    }
  ],
  "deviceplatform_matrix_insights": [
    {
      "type": "dimension_insight",
      "sub_type": "core_driver",
      "dimension": "deviceplatform",
      "target": "ì›¹",
      "severity": "positive",
      "title": "ğŸ‘‘ ì›¹: í•µì‹¬ ë™ë ¥ (Core Driver)",
      "message": "ì˜ˆì‚° ë¹„ì¤‘ì´ ë†’ê³  íš¨ìœ¨ë„ ìµœìƒìœ„ê¶Œì…ë‹ˆë‹¤. (ìƒìœ„ 0%)",
      "action": "ì£¼ë ¥ ë§¤ì¶œ ë°œìƒ ê¸°ê¸°ì…ë‹ˆë‹¤. ê²°ì œ UXì— ë¬¸ì œê°€ ì—†ëŠ”ì§€ ì£¼ê¸°ì ìœ¼ë¡œ ì ê²€í•˜ì„¸ìš”.",
      "metrics": {
        "efficiency_value": 913.6420440560743,
        "spend_rank_pct": 0.67,
        "eff_rank_pct": 1.0,
        "cost": 735381.0
      }
    }
  ],
  "brand_performance": [
    {
      "brand": "ê¸°íƒ€",
      "cost": 18256043.0,
      "conversions": 232.0,
      "revenue": 155875000.0,
      "roas": 853.8268670817658
    }
  ],
  "product_performance": [
    {
      "product": "ê¸°íƒ€",
      "cost": 18256043.0,
      "conversions": 232.0,
      "revenue": 155875000.0,
      "roas": 853.8268670817658
    }
  ],
  "promotion_performance": [
    {
      "promotion": "ê¸°íƒ€",
      "cost": 18256043.0,
      "conversions": 232.0,
      "revenue": 155875000.0,
      "roas": 853.8268670817658
    }
  ],
  "timeseries": {
    "monthly_trend": [
      {
        "month": "2025-01",
        "cost": 1451539.0,
        "clicks": 2024.0,
        "conversions": 20.0,
        "revenue": 13437500.0,
        "roas": 925.7415749766283,
        "cpa": 72576.95
      },
      {
        "month": "2025-02",
        "cost": 1005404.0,
        "clicks": 2432.0,
        "conversions": 15.0,
        "revenue": 10078125.0,
        "roas": 1002.3955544238933,
        "cpa": 67026.93333333333
      },
      {
        "month": "2025-03",
        "cost": 990609.0,
        "clicks": 1976.0,
        "conversions": 7.0,
        "revenue": 4703125.0,
        "roas": 474.77107516689233,
        "cpa": 141515.57142857142
      },
      {
        "month": "2025-04",
        "cost": 2372272.0,
        "clicks": 1624.0,
        "conversions": 20.0,
        "revenue": 13437500.0,
        "roas": 566.4401046760237,
        "cpa": 118613.6
      },
      {
        "month": "2025-05",
        "cost": 780087.0,
        "clicks": 912.0,
        "conversions": 11.0,
        "revenue": 7390625.0,
        "roas": 947.4103529478123,
        "cpa": 70917.0
      },
      {
        "month": "2025-06",
        "cost": 965151.0,
        "clicks": 351.0,
        "conversions": 21.0,
        "revenue": 14109375.0,
        "roas": 1461.8826484146005,
        "cpa": 45959.57142857143
      },
      {
        "month": "2025-07",
        "cost": 1279341.0,
        "clicks": 492.0,
        "conversions": 18.0,
        "revenue": 12093750.0,
        "roas": 945.3109061618443,
        "cpa": 71074.5
      },
      {
        "month": "2025-08",
        "cost": 1983655.0,
        "clicks": 1603.0,
        "conversions": 27.0,
        "revenue": 18140625.0,
        "roas": 914.5050424595003,
        "cpa": 73468.70370370371
      },
      {
        "month": "2025-09",
        "cost": 1692764.0,
        "clicks": 1050.0,
        "conversions": 22.0,
        "revenue": 14781250.0,
        "roas": 873.2020529737163,
        "cpa": 76943.81818181818
      },
      {
        "month": "2025-10",
        "cost": 1784836.0,
        "clicks": 1404.0,
        "conversions": 19.0,
        "revenue": 12765625.0,
        "roas": 715.2267771380676,
        "cpa": 93938.73684210527
      },
      {
        "month": "2025-11",
        "cost": 1868919.0,
        "clicks": 1081.0,
        "conversions": 23.0,
        "revenue": 15453125.0,
        "roas": 826.8483010767186,
        "cpa": 81257.34782608696
      },
      {
        "month": "2025-12",
        "cost": 2081466.0,
        "clicks": 576.0,
        "conversions": 29.0,
        "revenue": 19484375.0,
        "roas": 936.0890353241418,
        "cpa": 71774.68965517242
      }
    ],
    "monthly_growth": [
      {
        "month": "2025-02",
        "prev_month": "2025-01",
        "revenue_growth_pct": -25.0,
        "cost_growth_pct": -30.735309213186827,
        "roas_change": 76.65397944726499,
        "trend": "í•˜ë½"
      },
      {
        "month": "2025-03",
        "prev_month": "2025-02",
        "revenue_growth_pct": -53.333333333333336,
        "cost_growth_pct": -1.4715477559269707,
        "roas_change": -527.624479257001,
        "trend": "í•˜ë½"
      },
      {
        "month": "2025-04",
        "prev_month": "2025-03",
        "revenue_growth_pct": 185.71428571428572,
        "cost_growth_pct": 139.4761202452229,
        "roas_change": 91.66902950913135,
        "trend": "ìƒìŠ¹"
      },
      {
        "month": "2025-05",
        "prev_month": "2025-04",
        "revenue_growth_pct": -45.0,
        "cost_growth_pct": -67.11646050705822,
        "roas_change": 380.9702482717886,
        "trend": "í•˜ë½"
      },
      {
        "month": "2025-06",
        "prev_month": "2025-05",
        "revenue_growth_pct": 90.9090909090909,
        "cost_growth_pct": 23.723507762595712,
        "roas_change": 514.4722954667882,
        "trend": "ìƒìŠ¹"
      },
      {
        "month": "2025-07",
        "prev_month": "2025-06",
        "revenue_growth_pct": -14.285714285714285,
        "cost_growth_pct": 32.55345536605153,
        "roas_change": -516.5717422527562,
        "trend": "í•˜ë½"
      },
      {
        "month": "2025-08",
        "prev_month": "2025-07",
        "revenue_growth_pct": 50.0,
        "cost_growth_pct": 55.05287487855075,
        "roas_change": -30.805863702344027,
        "trend": "ìƒìŠ¹"
      },
      {
        "month": "2025-09",
        "prev_month": "2025-08",
        "revenue_growth_pct": -18.51851851851852,
        "cost_growth_pct": -14.664394766226991,
        "roas_change": -41.302989485783996,
        "trend": "í•˜ë½"
      },
      {
        "month": "2025-10",
        "prev_month": "2025-09",
        "revenue_growth_pct": -13.636363636363635,
        "cost_growth_pct": 5.439151588762521,
        "roas_change": -157.97527583564863,
        "trend": "í•˜ë½"
      },
      {
        "month": "2025-11",
        "prev_month": "2025-10",
        "revenue_growth_pct": 21.052631578947366,
        "cost_growth_pct": 4.710965041045788,
        "roas_change": 111.62152393865097,
        "trend": "ìƒìŠ¹"
      },
      {
        "month": "2025-12",
        "prev_month": "2025-11",
        "revenue_growth_pct": 26.08695652173913,
        "cost_growth_pct": 11.37272401853692,
        "roas_change": 109.24073424742323,
        "trend": "ìƒìŠ¹"
      }
    ],
    "weekly_trend": [
      {
        "week": "2025-10-13/2025-10-19",
        "cost": 453731.0,
        "clicks": 339.0,
        "conversions": 3.0,
        "revenue": 2015625.0,
        "roas": 444.2334775450653,
        "cpa": 151243.66666666666
      },
      {
        "week": "2025-10-20/2025-10-26",
        "cost": 466999.0,
        "clicks": 320.0,
        "conversions": 6.0,
        "revenue": 4031250.0,
        "roas": 863.2245465193715,
        "cpa": 77833.16666666667
      },
      {
        "week": "2025-10-27/2025-11-02",
        "cost": 451786.0,
        "clicks": 323.0,
        "conversions": 3.0,
        "revenue": 2015625.0,
        "roas": 446.145962911644,
        "cpa": 150595.33333333334
      },
      {
        "week": "2025-11-03/2025-11-09",
        "cost": 465232.0,
        "clicks": 325.0,
        "conversions": 4.0,
        "revenue": 2687500.0,
        "roas": 577.6687760085291,
        "cpa": 116308.0
      },
      {
        "week": "2025-11-10/2025-11-16",
        "cost": 443638.0,
        "clicks": 275.0,
        "conversions": 6.0,
        "revenue": 4031250.0,
        "roas": 908.6800499506355,
        "cpa": 73939.66666666667
      },
      {
        "week": "2025-11-17/2025-11-23",
        "cost": 428679.0,
        "clicks": 195.0,
        "conversions": 7.0,
        "revenue": 4703125.0,
        "roas": 1097.1204560988526,
        "cpa": 61239.857142857145
      },
      {
        "week": "2025-11-24/2025-11-30",
        "cost": 396483.0,
        "clicks": 171.0,
        "conversions": 6.0,
        "revenue": 4031250.0,
        "roas": 1016.7522945498293,
        "cpa": 66080.5
      },
      {
        "week": "2025-12-01/2025-12-07",
        "cost": 596691.0,
        "clicks": 135.0,
        "conversions": 12.0,
        "revenue": 8062500.0,
        "roas": 1351.2018783591507,
        "cpa": 49724.25
      },
      {
        "week": "2025-12-08/2025-12-14",
        "cost": 530686.0,
        "clicks": 152.0,
        "conversions": 6.0,
        "revenue": 4031250.0,
        "roas": 759.6299883546957,
        "cpa": 88447.66666666667
      },
      {
        "week": "2025-12-15/2025-12-21",
        "cost": 511863.0,
        "clicks": 133.0,
        "conversions": 1.0,
        "revenue": 671875.0,
        "roas": 131.26070843174833,
        "cpa": 511863.0
      },
      {
        "week": "2025-12-22/2025-12-28",
        "cost": 435529.0,
        "clicks": 155.0,
        "conversions": 10.0,
        "revenue": 6718750.0,
        "roas": 1542.6642083535196,
        "cpa": 43552.9
      },
      {
        "week": "2025-12-29/2026-01-04",
        "cost": 6697.0,
        "clicks": 1.0,
        "conversions": 0.0,
        "revenue": 0.0,
        "roas": 0.0,
        "cpa": 0.0
      }
    ],
    "weekly_growth": [
      {
        "week": "2025-01-06/2025-01-12",
        "prev_week": "2024-12-30/2025-01-05",
        "revenue_growth_pct": -50.0,
        "cost_growth_pct": -9.083357561157952,
        "roas_change": -502.34571290264046,
        "trend": "í•˜ë½"
      },
      {
        "week": "2025-01-13/2025-01-19",
        "prev_week": "2025-01-06/2025-01-12",
        "revenue_growth_pct": 0.0,
        "cost_growth_pct": -4.593878483325719,
        "roas_change": 29.55806349221882,
        "trend": "ìœ ì§€"
      },
      {
        "week": "2025-01-20/2025-01-26",
        "prev_week": "2025-01-13/2025-01-19",
        "revenue_growth_pct": 50.0,
        "cost_growth_pct": 52.60720920878742,
        "roas_change": -10.992521043541387,
        "trend": "ìƒìŠ¹"
      },
      {
        "week": "2025-01-27/2025-02-02",
        "prev_week": "2025-01-20/2025-01-26",
        "revenue_growth_pct": 433.3333333333333,
        "cost_growth_pct": 96.66374866258145,
        "roas_change": 1082.6604034244128,
        "trend": "ìƒìŠ¹"
      },
      {
        "week": "2025-02-03/2025-02-09",
        "prev_week": "2025-01-27/2025-02-02",
        "revenue_growth_pct": -81.25,
        "cost_growth_pct": -63.00684919486462,
        "roas_change": -845.7959932341338,
        "trend": "í•˜ë½"
      },
      {
        "week": "2025-02-10/2025-02-16",
        "prev_week": "2025-02-03/2025-02-09",
        "revenue_growth_pct": -33.33333333333333,
        "cost_growth_pct": -25.999594598674253,
        "roas_change": -86.15061507510734,
        "trend": "í•˜ë½"
      },
      {
        "week": "2025-02-17/2025-02-23",
        "prev_week": "2025-02-10/2025-02-16",
        "revenue_growth_pct": 0.0,
        "cost_growth_pct": 45.791565647146584,
        "roas_change": -245.97715951451391,
        "trend": "ìœ ì§€"
      },
      {
        "week": "2025-02-24/2025-03-02",
        "prev_week": "2025-02-17/2025-02-23",
        "revenue_growth_pct": -50.0,
        "cost_growth_pct": 5.847574503807639,
        "roas_change": -283.42143657066924,
        "trend": "í•˜ë½"
      },
      {
        "week": "2025-03-03/2025-03-09",
        "prev_week": "2025-02-24/2025-03-02",
        "revenue_growth_pct": -100.0,
        "cost_growth_pct": -10.61926181061473,
        "roas_change": -253.74551991630884,
        "trend": "í•˜ë½"
      },
      {
        "week": "2025-03-10/2025-03-16",
        "prev_week": "2025-03-03/2025-03-09",
        "revenue_growth_pct": 0.0,
        "cost_growth_pct": -28.339636194621086,
        "roas_change": 396.1643916389045,
        "trend": "ìœ ì§€"
      },
      {
        "week": "2025-03-17/2025-03-23",
        "prev_week": "2025-03-10/2025-03-16",
        "revenue_growth_pct": 300.0,
        "cost_growth_pct": 15.104808514401958,
        "roas_change": 980.544007434923,
        "trend": "ìƒìŠ¹"
      },
      {
        "week": "2025-03-24/2025-03-30",
        "prev_week": "2025-03-17/2025-03-23",
        "revenue_growth_pct": -50.0,
        "cost_growth_pct": 23.531340286457798,
        "roas_change": -819.4779845566015,
        "trend": "í•˜ë½"
      },
      {
        "week": "2025-03-31/2025-04-06",
        "prev_week": "2025-03-24/2025-03-30",
        "revenue_growth_pct": 350.0,
        "cost_growth_pct": 201.25068422711365,
        "roas_change": 275.1450775952097,
        "trend": "ìƒìŠ¹"
      },
      {
        "week": "2025-04-07/2025-04-13",
        "prev_week": "2025-03-31/2025-04-06",
        "revenue_growth_pct": -22.22222222222222,
        "cost_growth_pct": -2.166946562783911,
        "roas_change": -170.63271931084626,
        "trend": "í•˜ë½"
      },
      {
        "week": "2025-04-14/2025-04-20",
        "prev_week": "2025-04-07/2025-04-13",
        "revenue_growth_pct": -57.14285714285714,
        "cost_growth_pct": 5.979164732003411,
        "roas_change": -394.13918656502676,
        "trend": "í•˜ë½"
      },
      {
        "week": "2025-04-21/2025-04-27",
        "prev_week": "2025-04-14/2025-04-20",
        "revenue_growth_pct": -66.66666666666666,
        "cost_growth_pct": -71.4742045078882,
        "roas_change": 45.100034725924615,
        "trend": "í•˜ë½"
      },
      {
        "week": "2025-04-28/2025-05-04",
        "prev_week": "2025-04-21/2025-04-27",
        "revenue_growth_pct": -100.0,
        "cost_growth_pct": -49.15200595736759,
        "roas_change": -312.7036209624872,
        "trend": "í•˜ë½"
      },
      {
        "week": "2025-05-05/2025-05-11",
        "prev_week": "2025-04-28/2025-05-04",
        "revenue_growth_pct": 0.0,
        "cost_growth_pct": 40.73609636436862,
        "roas_change": 436.97197525966294,
        "trend": "ìœ ì§€"
      },
      {
        "week": "2025-05-12/2025-05-18",
        "prev_week": "2025-05-05/2025-05-11",
        "revenue_growth_pct": 300.0,
        "cost_growth_pct": 21.552839870705075,
        "roas_change": 1000.9935242694869,
        "trend": "ìƒìŠ¹"
      },
      {
        "week": "2025-05-19/2025-05-25",
        "prev_week": "2025-05-12/2025-05-18",
        "revenue_growth_pct": 0.0,
        "cost_growth_pct": 14.800209742316584,
        "roas_change": -185.3846002809314,
        "trend": "ìœ ì§€"
      },
      {
        "week": "2025-05-26/2025-06-01",
        "prev_week": "2025-05-19/2025-05-25",
        "revenue_growth_pct": -50.0,
        "cost_growth_pct": -11.588528922384262,
        "roas_change": -544.1994618730912,
        "trend": "í•˜ë½"
      },
      {
        "week": "2025-06-02/2025-06-08",
        "prev_week": "2025-05-26/2025-06-01",
        "revenue_growth_pct": 50.0,
        "cost_growth_pct": -0.3305340734766175,
        "roas_change": 357.71452911276583,
        "trend": "ìƒìŠ¹"
      },
      {
        "week": "2025-06-09/2025-06-15",
        "prev_week": "2025-06-02/2025-06-08",
        "revenue_growth_pct": 133.33333333333331,
        "cost_growth_pct": 23.864682174478755,
        "roas_change": 942.1901821290185,
        "trend": "ìƒìŠ¹"
      },
      {
        "week": "2025-06-16/2025-06-22",
        "prev_week": "2025-06-09/2025-06-15",
        "revenue_growth_pct": -71.42857142857143,
        "cost_growth_pct": 0.5376068595048381,
        "roas_change": -1437.558377799948,
        "trend": "í•˜ë½"
      },
      {
        "week": "2025-06-23/2025-06-29",
        "prev_week": "2025-06-16/2025-06-22",
        "revenue_growth_pct": 250.0,
        "cost_growth_pct": 1.8947100172014695,
        "roas_change": 1389.6754704525338,
        "trend": "ìƒìŠ¹"
      },
      {
        "week": "2025-06-30/2025-07-06",
        "prev_week": "2025-06-23/2025-06-29",
        "revenue_growth_pct": 0.0,
        "cost_growth_pct": -3.819412603269614,
        "roas_change": 77.84927343300728,
        "trend": "ìœ ì§€"
      },
      {
        "week": "2025-07-07/2025-07-13",
        "prev_week": "2025-06-30/2025-07-06",
        "revenue_growth_pct": -71.42857142857143,
        "cost_growth_pct": 1.546309097134041,
        "roas_change": -1464.7625803844403,
        "trend": "í•˜ë½"
      },
      {
        "week": "2025-07-14/2025-07-20",
        "prev_week": "2025-07-07/2025-07-13",
        "revenue_growth_pct": 200.0,
        "cost_growth_pct": 19.31236689698734,
        "roas_change": 868.4978894920386,
        "trend": "ìƒìŠ¹"
      },
      {
        "week": "2025-07-21/2025-07-27",
        "prev_week": "2025-07-14/2025-07-20",
        "revenue_growth_pct": -66.66666666666666,
        "cost_growth_pct": 38.751690143867904,
        "roas_change": -1095.5685424029252,
        "trend": "í•˜ë½"
      },
      {
        "week": "2025-07-28/2025-08-03",
        "prev_week": "2025-07-21/2025-07-27",
        "revenue_growth_pct": 150.0,
        "cost_growth_pct": -21.46136732173747,
        "roas_change": 756.2841576325042,
        "trend": "ìƒìŠ¹"
      },
      {
        "week": "2025-08-04/2025-08-10",
        "prev_week": "2025-07-28/2025-08-03",
        "revenue_growth_pct": 80.0,
        "cost_growth_pct": 1.9812965084408614,
        "roas_change": 843.6006953729868,
        "trend": "ìƒìŠ¹"
      },
      {
        "week": "2025-08-11/2025-08-17",
        "prev_week": "2025-08-04/2025-08-10",
        "revenue_growth_pct": -44.44444444444444,
        "cost_growth_pct": 50.05841929929028,
        "roas_change": -1225.7313869968102,
        "trend": "í•˜ë½"
      },
      {
        "week": "2025-08-18/2025-08-24",
        "prev_week": "2025-08-11/2025-08-17",
        "revenue_growth_pct": 0.0,
        "cost_growth_pct": 11.106177701417176,
        "roas_change": -72.02847893035607,
        "trend": "ìœ ì§€"
      },
      {
        "week": "2025-08-25/2025-08-31",
        "prev_week": "2025-08-18/2025-08-24",
        "revenue_growth_pct": 20.0,
        "cost_growth_pct": 8.68631838250767,
        "roas_change": 67.51009214123269,
        "trend": "ìƒìŠ¹"
      },
      {
        "week": "2025-09-01/2025-09-07",
        "prev_week": "2025-08-25/2025-08-31",
        "revenue_growth_pct": -33.33333333333333,
        "cost_growth_pct": -7.612157426271934,
        "roas_change": -199.35263835174794,
        "trend": "í•˜ë½"
      },
      {
        "week": "2025-09-08/2025-09-14",
        "prev_week": "2025-09-01/2025-09-07",
        "revenue_growth_pct": 25.0,
        "cost_growth_pct": -15.264378246809427,
        "roas_change": 245.52452859855953,
        "trend": "ìƒìŠ¹"
      },
      {
        "week": "2025-09-15/2025-09-21",
        "prev_week": "2025-09-08/2025-09-14",
        "revenue_growth_pct": -20.0,
        "cost_growth_pct": -30.352232195529254,
        "roas_change": 113.29498967896825,
        "trend": "í•˜ë½"
      },
      {
        "week": "2025-09-22/2025-09-28",
        "prev_week": "2025-09-15/2025-09-21",
        "revenue_growth_pct": 50.0,
        "cost_growth_pct": 5.1856919468334635,
        "roas_change": 373.0153584105607,
        "trend": "ìƒìŠ¹"
      },
      {
        "week": "2025-09-29/2025-10-05",
        "prev_week": "2025-09-22/2025-09-28",
        "revenue_growth_pct": -16.666666666666664,
        "cost_growth_pct": -0.74486338493177,
        "roas_change": -200.2813637326508,
        "trend": "í•˜ë½"
      },
      {
        "week": "2025-10-06/2025-10-12",
        "prev_week": "2025-09-29/2025-10-05",
        "revenue_growth_pct": 0.0,
        "cost_growth_pct": 2.5989708961441367,
        "roas_change": -26.553724898979112,
        "trend": "ìœ ì§€"
      },
      {
        "week": "2025-10-13/2025-10-19",
        "prev_week": "2025-10-06/2025-10-12",
        "revenue_growth_pct": -40.0,
        "cost_growth_pct": 37.99520684180753,
        "roas_change": -577.4680327863805,
        "trend": "í•˜ë½"
      },
      {
        "week": "2025-10-20/2025-10-26",
        "prev_week": "2025-10-13/2025-10-19",
        "revenue_growth_pct": 100.0,
        "cost_growth_pct": 2.924199580808893,
        "roas_change": 418.99106897430624,
        "trend": "ìƒìŠ¹"
      },
      {
        "week": "2025-10-27/2025-11-02",
        "prev_week": "2025-10-20/2025-10-26",
        "revenue_growth_pct": -50.0,
        "cost_growth_pct": -3.2576086886695688,
        "roas_change": -417.0785836077275,
        "trend": "í•˜ë½"
      },
      {
        "week": "2025-11-03/2025-11-09",
        "prev_week": "2025-10-27/2025-11-02",
        "revenue_growth_pct": 33.33333333333333,
        "cost_growth_pct": 2.976187841146029,
        "roas_change": 131.5228130968851,
        "trend": "ìƒìŠ¹"
      },
      {
        "week": "2025-11-10/2025-11-16",
        "prev_week": "2025-11-03/2025-11-09",
        "revenue_growth_pct": 50.0,
        "cost_growth_pct": -4.64155518107095,
        "roas_change": 331.0112739421064,
        "trend": "ìƒìŠ¹"
      },
      {
        "week": "2025-11-17/2025-11-23",
        "prev_week": "2025-11-10/2025-11-16",
        "revenue_growth_pct": 16.666666666666664,
        "cost_growth_pct": -3.3718933003935643,
        "roas_change": 188.4404061482171,
        "trend": "ìƒìŠ¹"
      },
      {
        "week": "2025-11-24/2025-11-30",
        "prev_week": "2025-11-17/2025-11-23",
        "revenue_growth_pct": -14.285714285714285,
        "cost_growth_pct": -7.5105148607699475,
        "roas_change": -80.36816154902328,
        "trend": "í•˜ë½"
      },
      {
        "week": "2025-12-01/2025-12-07",
        "prev_week": "2025-11-24/2025-11-30",
        "revenue_growth_pct": 100.0,
        "cost_growth_pct": 50.49598595652272,
        "roas_change": 334.4495838093213,
        "trend": "ìƒìŠ¹"
      },
      {
        "week": "2025-12-08/2025-12-14",
        "prev_week": "2025-12-01/2025-12-07",
        "revenue_growth_pct": -50.0,
        "cost_growth_pct": -11.061839377500247,
        "roas_change": -591.571890004455,
        "trend": "í•˜ë½"
      },
      {
        "week": "2025-12-15/2025-12-21",
        "prev_week": "2025-12-08/2025-12-14",
        "revenue_growth_pct": -83.33333333333334,
        "cost_growth_pct": -3.5469185167877053,
        "roas_change": -628.3692799229474,
        "trend": "í•˜ë½"
      },
      {
        "week": "2025-12-22/2025-12-28",
        "prev_week": "2025-12-15/2025-12-21",
        "revenue_growth_pct": 900.0,
        "cost_growth_pct": -14.912974760824675,
        "roas_change": 1411.4034999217713,
        "trend": "ìƒìŠ¹"
      },
      {
        "week": "2025-12-29/2026-01-04",
        "prev_week": "2025-12-22/2025-12-28",
        "revenue_growth_pct": -100.0,
        "cost_growth_pct": -98.46232971857212,
        "roas_change": -1542.6642083535196,
        "trend": "í•˜ë½"
      }
    ],
    "brand_monthly_trend": [
      {
        "brand": "ê¸°íƒ€",
        "months_data": [
          {
            "ì›”": "2025-01",
            "ë¹„ìš©": 1451539,
            "ì „í™˜ìˆ˜": 20,
            "ì „í™˜ê°’": 13437500,
            "ROAS": 925.7415749766283
          },
          {
            "ì›”": "2025-02",
            "ë¹„ìš©": 1005404,
            "ì „í™˜ìˆ˜": 15,
            "ì „í™˜ê°’": 10078125,
            "ROAS": 1002.3955544238933
          },
          {
            "ì›”": "2025-03",
            "ë¹„ìš©": 990609,
            "ì „í™˜ìˆ˜": 7,
            "ì „í™˜ê°’": 4703125,
            "ROAS": 474.77107516689233
          },
          {
            "ì›”": "2025-04",
            "ë¹„ìš©": 2372272,
            "ì „í™˜ìˆ˜": 20,
            "ì „í™˜ê°’": 13437500,
            "ROAS": 566.4401046760237
          },
          {
            "ì›”": "2025-05",
            "ë¹„ìš©": 780087,
            "ì „í™˜ìˆ˜": 11,
            "ì „í™˜ê°’": 7390625,
            "ROAS": 947.4103529478123
          },
          {
            "ì›”": "2025-06",
            "ë¹„ìš©": 965151,
            "ì „í™˜ìˆ˜": 21,
            "ì „í™˜ê°’": 14109375,
            "ROAS": 1461.8826484146005
          },
          {
            "ì›”": "2025-07",
            "ë¹„ìš©": 1279341,
            "ì „í™˜ìˆ˜": 18,
            "ì „í™˜ê°’": 12093750,
            "ROAS": 945.3109061618443
          },
          {
            "ì›”": "2025-08",
            "ë¹„ìš©": 1983655,
            "ì „í™˜ìˆ˜": 27,
            "ì „í™˜ê°’": 18140625,
            "ROAS": 914.5050424595003
          },
          {
            "ì›”": "2025-09",
            "ë¹„ìš©": 1692764,
            "ì „í™˜ìˆ˜": 22,
            "ì „í™˜ê°’": 14781250,
            "ROAS": 873.2020529737163
          },
          {
            "ì›”": "2025-10",
            "ë¹„ìš©": 1784836,
            "ì „í™˜ìˆ˜": 19,
            "ì „í™˜ê°’": 12765625,
            "ROAS": 715.2267771380676
          },
          {
            "ì›”": "2025-11",
            "ë¹„ìš©": 1868919,
            "ì „í™˜ìˆ˜": 23,
            "ì „í™˜ê°’": 15453125,
            "ROAS": 826.8483010767186
          },
          {
            "ì›”": "2025-12",
            "ë¹„ìš©": 2081466,
            "ì „í™˜ìˆ˜": 29,
            "ì „í™˜ê°’": 19484375,
            "ROAS": 936.0890353241418
          }
        ],
        "total_growth_pct": 45.0,
        "trend": "ì„±ì¥"
      }
    ],
    "brand_weekly_trend": [
      {
        "brand": "ê¸°íƒ€",
        "weeks_data": [
          {
            "ì£¼": "2025-11-10/2025-11-16",
            "ë¹„ìš©": 443638,
            "ì „í™˜ìˆ˜": 6,
            "ì „í™˜ê°’": 4031250,
            "ROAS": 908.6800499506355
          },
          {
            "ì£¼": "2025-11-17/2025-11-23",
            "ë¹„ìš©": 428679,
            "ì „í™˜ìˆ˜": 7,
            "ì „í™˜ê°’": 4703125,
            "ROAS": 1097.1204560988526
          },
          {
            "ì£¼": "2025-11-24/2025-11-30",
            "ë¹„ìš©": 396483,
            "ì „í™˜ìˆ˜": 6,
            "ì „í™˜ê°’": 4031250,
            "ROAS": 1016.7522945498293
          },
          {
            "ì£¼": "2025-12-01/2025-12-07",
            "ë¹„ìš©": 596691,
            "ì „í™˜ìˆ˜": 12,
            "ì „í™˜ê°’": 8062500,
            "ROAS": 1351.2018783591507
          },
          {
            "ì£¼": "2025-12-08/2025-12-14",
            "ë¹„ìš©": 530686,
            "ì „í™˜ìˆ˜": 6,
            "ì „í™˜ê°’": 4031250,
            "ROAS": 759.6299883546957
          },
          {
            "ì£¼": "2025-12-15/2025-12-21",
            "ë¹„ìš©": 511863,
            "ì „í™˜ìˆ˜": 1,
            "ì „í™˜ê°’": 671875,
            "ROAS": 131.26070843174833
          },
          {
            "ì£¼": "2025-12-22/2025-12-28",
            "ë¹„ìš©": 435529,
            "ì „í™˜ìˆ˜": 10,
            "ì „í™˜ê°’": 6718750,
            "ROAS": 1542.6642083535196
          },
          {
            "ì£¼": "2025-12-29/2026-01-04",
            "ë¹„ìš©": 6697,
            "ì „í™˜ìˆ˜": 0,
            "ì „í™˜ê°’": 0,
            "ROAS": 0.0
          }
        ],
        "total_growth_pct": -100.0,
        "trend": "í•˜ë½"
      }
    ],
    "product_monthly_trend": [
      {
        "product": "ê¸°íƒ€",
        "months_data": [
          {
            "ì›”": "2025-01",
            "ë¹„ìš©": 1451539,
            "ì „í™˜ìˆ˜": 20,
            "ì „í™˜ê°’": 13437500,
            "ROAS": 925.7415749766283
          },
          {
            "ì›”": "2025-02",
            "ë¹„ìš©": 1005404,
            "ì „í™˜ìˆ˜": 15,
            "ì „í™˜ê°’": 10078125,
            "ROAS": 1002.3955544238933
          },
          {
            "ì›”": "2025-03",
            "ë¹„ìš©": 990609,
            "ì „í™˜ìˆ˜": 7,
            "ì „í™˜ê°’": 4703125,
            "ROAS": 474.77107516689233
          },
          {
            "ì›”": "2025-04",
            "ë¹„ìš©": 2372272,
            "ì „í™˜ìˆ˜": 20,
            "ì „í™˜ê°’": 13437500,
            "ROAS": 566.4401046760237
          },
          {
            "ì›”": "2025-05",
            "ë¹„ìš©": 780087,
            "ì „í™˜ìˆ˜": 11,
            "ì „í™˜ê°’": 7390625,
            "ROAS": 947.4103529478123
          },
          {
            "ì›”": "2025-06",
            "ë¹„ìš©": 965151,
            "ì „í™˜ìˆ˜": 21,
            "ì „í™˜ê°’": 14109375,
            "ROAS": 1461.8826484146005
          },
          {
            "ì›”": "2025-07",
            "ë¹„ìš©": 1279341,
            "ì „í™˜ìˆ˜": 18,
            "ì „í™˜ê°’": 12093750,
            "ROAS": 945.3109061618443
          },
          {
            "ì›”": "2025-08",
            "ë¹„ìš©": 1983655,
            "ì „í™˜ìˆ˜": 27,
            "ì „í™˜ê°’": 18140625,
            "ROAS": 914.5050424595003
          },
          {
            "ì›”": "2025-09",
            "ë¹„ìš©": 1692764,
            "ì „í™˜ìˆ˜": 22,
            "ì „í™˜ê°’": 14781250,
            "ROAS": 873.2020529737163
          },
          {
            "ì›”": "2025-10",
            "ë¹„ìš©": 1784836,
            "ì „í™˜ìˆ˜": 19,
            "ì „í™˜ê°’": 12765625,
            "ROAS": 715.2267771380676
          },
          {
            "ì›”": "2025-11",
            "ë¹„ìš©": 1868919,
            "ì „í™˜ìˆ˜": 23,
            "ì „í™˜ê°’": 15453125,
            "ROAS": 826.8483010767186
          },
          {
            "ì›”": "2025-12",
            "ë¹„ìš©": 2081466,
            "ì „í™˜ìˆ˜": 29,
            "ì „í™˜ê°’": 19484375,
            "ROAS": 936.0890353241418
          }
        ],
        "total_growth_pct": 45.0,
        "trend": "ì„±ì¥"
      }
    ],
    "product_weekly_trend": [
      {
        "product": "ê¸°íƒ€",
        "weeks_data": [
          {
            "ì£¼": "2025-11-10/2025-11-16",
            "ë¹„ìš©": 443638,
            "ì „í™˜ìˆ˜": 6,
            "ì „í™˜ê°’": 4031250,
            "ROAS": 908.6800499506355
          },
          {
            "ì£¼": "2025-11-17/2025-11-23",
            "ë¹„ìš©": 428679,
            "ì „í™˜ìˆ˜": 7,
            "ì „í™˜ê°’": 4703125,
            "ROAS": 1097.1204560988526
          },
          {
            "ì£¼": "2025-11-24/2025-11-30",
            "ë¹„ìš©": 396483,
            "ì „í™˜ìˆ˜": 6,
            "ì „í™˜ê°’": 4031250,
            "ROAS": 1016.7522945498293
          },
          {
            "ì£¼": "2025-12-01/2025-12-07",
            "ë¹„ìš©": 596691,
            "ì „í™˜ìˆ˜": 12,
            "ì „í™˜ê°’": 8062500,
            "ROAS": 1351.2018783591507
          },
          {
            "ì£¼": "2025-12-08/2025-12-14",
            "ë¹„ìš©": 530686,
            "ì „í™˜ìˆ˜": 6,
            "ì „í™˜ê°’": 4031250,
            "ROAS": 759.6299883546957
          },
          {
            "ì£¼": "2025-12-15/2025-12-21",
            "ë¹„ìš©": 511863,
            "ì „í™˜ìˆ˜": 1,
            "ì „í™˜ê°’": 671875,
            "ROAS": 131.26070843174833
          },
          {
            "ì£¼": "2025-12-22/2025-12-28",
            "ë¹„ìš©": 435529,
            "ì „í™˜ìˆ˜": 10,
            "ì „í™˜ê°’": 6718750,
            "ROAS": 1542.6642083535196
          },
          {
            "ì£¼": "2025-12-29/2026-01-04",
            "ë¹„ìš©": 6697,
            "ì „í™˜ìˆ˜": 0,
            "ì „í™˜ê°’": 0,
            "ROAS": 0.0
          }
        ],
        "total_growth_pct": -100.0,
        "trend": "í•˜ë½"
      }
    ],
    "gender_monthly_trend": [
      {
        "gender": "ë‚¨ì„±",
        "months_data": [
          {
            "ì›”": "2025-01",
            "ë¹„ìš©": 977224,
            "ì „í™˜ìˆ˜": 12,
            "ì „í™˜ê°’": 8062500,
            "ROAS": 825.0411369348276
          },
          {
            "ì›”": "2025-02",
            "ë¹„ìš©": 629960,
            "ì „í™˜ìˆ˜": 8,
            "ì „í™˜ê°’": 5375000,
            "ROAS": 853.2287764302496
          },
          {
            "ì›”": "2025-03",
            "ë¹„ìš©": 651185,
            "ì „í™˜ìˆ˜": 6,
            "ì „í™˜ê°’": 4031250,
            "ROAS": 619.0637069342814
          },
          {
            "ì›”": "2025-04",
            "ë¹„ìš©": 1715994,
            "ì „í™˜ìˆ˜": 12,
            "ì „í™˜ê°’": 8062500,
            "ROAS": 469.8443001548957
          },
          {
            "ì›”": "2025-05",
            "ë¹„ìš©": 549421,
            "ì „í™˜ìˆ˜": 8,
            "ì „í™˜ê°’": 5375000,
            "ROAS": 978.3026131145332
          },
          {
            "ì›”": "2025-06",
            "ë¹„ìš©": 610446,
            "ì „í™˜ìˆ˜": 14,
            "ì „í™˜ê°’": 9406250,
            "ROAS": 1540.881584939536
          },
          {
            "ì›”": "2025-07",
            "ë¹„ìš©": 852450,
            "ì „í™˜ìˆ˜": 11,
            "ì „í™˜ê°’": 7390625,
            "ROAS": 866.9863335092967
          },
          {
            "ì›”": "2025-08",
            "ë¹„ìš©": 1405931,
            "ì „í™˜ìˆ˜": 21,
            "ì „í™˜ê°’": 14109375,
            "ROAS": 1003.5609855675706
          },
          {
            "ì›”": "2025-09",
            "ë¹„ìš©": 1130248,
            "ì „í™˜ìˆ˜": 17,
            "ì „í™˜ê°’": 11421875,
            "ROAS": 1010.5636108181567
          },
          {
            "ì›”": "2025-10",
            "ë¹„ìš©": 1115814,
            "ì „í™˜ìˆ˜": 14,
            "ì „í™˜ê°’": 9406250,
            "ROAS": 842.9944417259508
          },
          {
            "ì›”": "2025-11",
            "ë¹„ìš©": 1224318,
            "ì „í™˜ìˆ˜": 20,
            "ì „í™˜ê°’": 13437500,
            "ROAS": 1097.5498195730195
          },
          {
            "ì›”": "2025-12",
            "ë¹„ìš©": 1402173,
            "ì „í™˜ìˆ˜": 20,
            "ì „í™˜ê°’": 13437500,
            "ROAS": 958.3339573647474
          }
        ]
      },
      {
        "gender": "ì—¬ì„±",
        "months_data": [
          {
            "ì›”": "2025-01",
            "ë¹„ìš©": 451721,
            "ì „í™˜ìˆ˜": 7,
            "ì „í™˜ê°’": 4703125,
            "ROAS": 1041.157041625251
          },
          {
            "ì›”": "2025-02",
            "ë¹„ìš©": 357714,
            "ì „í™˜ìˆ˜": 7,
            "ì „í™˜ê°’": 4703125,
            "ROAS": 1314.772415952409
          },
          {
            "ì›”": "2025-03",
            "ë¹„ìš©": 329070,
            "ì „í™˜ìˆ˜": 1,
            "ì „í™˜ê°’": 671875,
            "ROAS": 204.17388397605373
          },
          {
            "ì›”": "2025-04",
            "ë¹„ìš©": 632213,
            "ì „í™˜ìˆ˜": 8,
            "ì „í™˜ê°’": 5375000,
            "ROAS": 850.18814861447
          },
          {
            "ì›”": "2025-05",
            "ë¹„ìš©": 217980,
            "ì „í™˜ìˆ˜": 3,
            "ì „í™˜ê°’": 2015625,
            "ROAS": 924.6834571979081
          },
          {
            "ì›”": "2025-06",
            "ë¹„ìš©": 339628,
            "ì „í™˜ìˆ˜": 7,
            "ì „í™˜ê°’": 4703125,
            "ROAS": 1384.7871789133994
          },
          {
            "ì›”": "2025-07",
            "ë¹„ìš©": 408960,
            "ì „í™˜ìˆ˜": 7,
            "ì „í™˜ê°’": 4703125,
            "ROAS": 1150.020784428795
          },
          {
            "ì›”": "2025-08",
            "ë¹„ìš©": 555492,
            "ì „í™˜ìˆ˜": 6,
            "ì „í™˜ê°’": 4031250,
            "ROAS": 725.7080209976021
          },
          {
            "ì›”": "2025-09",
            "ë¹„ìš©": 535759,
            "ì „í™˜ìˆ˜": 5,
            "ì „í™˜ê°’": 3359375,
            "ROAS": 627.0309971461048
          },
          {
            "ì›”": "2025-10",
            "ë¹„ìš©": 642750,
            "ì „í™˜ìˆ˜": 5,
            "ì „í™˜ê°’": 3359375,
            "ROAS": 522.6565538700894
          },
          {
            "ì›”": "2025-11",
            "ë¹„ìš©": 612252,
            "ì „í™˜ìˆ˜": 3,
            "ì „í™˜ê°’": 2015625,
            "ROAS": 329.21493110679916
          },
          {
            "ì›”": "2025-12",
            "ë¹„ìš©": 650235,
            "ì „í™˜ìˆ˜": 9,
            "ì „í™˜ê°’": 6046875,
            "ROAS": 929.9522480334033
          }
        ]
      }
    ],
    "gender_weekly_trend": [
      {
        "gender": "ë‚¨ì„±",
        "weeks_data": [
          {
            "ì£¼": "2025-11-10/2025-11-16",
            "ë¹„ìš©": 279920,
            "ì „í™˜ìˆ˜": 6,
            "ì „í™˜ê°’": 4031250,
            "ROAS": 1440.143612460703
          },
          {
            "ì£¼": "2025-11-17/2025-11-23",
            "ë¹„ìš©": 293129,
            "ì „í™˜ìˆ˜": 6,
            "ì „í™˜ê°’": 4031250,
            "ROAS": 1375.247757813113
          },
          {
            "ì£¼": "2025-11-24/2025-11-30",
            "ë¹„ìš©": 281229,
            "ì „í™˜ìˆ˜": 5,
            "ì „í™˜ê°’": 3359375,
            "ROAS": 1194.5336362892874
          },
          {
            "ì£¼": "2025-12-01/2025-12-07",
            "ë¹„ìš©": 412819,
            "ì „í™˜ìˆ˜": 9,
            "ì „í™˜ê°’": 6046875,
            "ROAS": 1464.7763305468013
          },
          {
            "ì£¼": "2025-12-08/2025-12-14",
            "ë¹„ìš©": 338972,
            "ì „í™˜ìˆ˜": 4,
            "ì „í™˜ê°’": 2687500,
            "ROAS": 792.8383465300968
          },
          {
            "ì£¼": "2025-12-15/2025-12-21",
            "ë¹„ìš©": 369856,
            "ì „í™˜ìˆ˜": 1,
            "ì „í™˜ê°’": 671875,
            "ROAS": 181.65853737670878
          },
          {
            "ì£¼": "2025-12-22/2025-12-28",
            "ë¹„ìš©": 275770,
            "ì „í™˜ìˆ˜": 6,
            "ì „í™˜ê°’": 4031250,
            "ROAS": 1461.8160060920331
          },
          {
            "ì£¼": "2025-12-29/2026-01-04",
            "ë¹„ìš©": 4756,
            "ì „í™˜ìˆ˜": 0,
            "ì „í™˜ê°’": 0,
            "ROAS": 0.0
          }
        ]
      },
      {
        "gender": "ì—¬ì„±",
        "weeks_data": [
          {
            "ì£¼": "2025-11-10/2025-11-16",
            "ë¹„ìš©": 154540,
            "ì „í™˜ìˆ˜": 0,
            "ì „í™˜ê°’": 0,
            "ROAS": 0.0
          },
          {
            "ì£¼": "2025-11-17/2025-11-23",
            "ë¹„ìš©": 129566,
            "ì „í™˜ìˆ˜": 1,
            "ì „í™˜ê°’": 671875,
            "ROAS": 518.5581093805473
          },
          {
            "ì£¼": "2025-11-24/2025-11-30",
            "ë¹„ìš©": 112995,
            "ì „í™˜ìˆ˜": 1,
            "ì „í™˜ê°’": 671875,
            "ROAS": 594.6059560157529
          },
          {
            "ì£¼": "2025-12-01/2025-12-07",
            "ë¹„ìš©": 175161,
            "ì „í™˜ìˆ˜": 3,
            "ì „í™˜ê°’": 2015625,
            "ROAS": 1150.7270454039426
          },
          {
            "ì£¼": "2025-12-08/2025-12-14",
            "ë¹„ìš©": 185133,
            "ì „í™˜ìˆ˜": 2,
            "ì „í™˜ê°’": 1343750,
            "ROAS": 725.8295387640237
          },
          {
            "ì£¼": "2025-12-15/2025-12-21",
            "ë¹„ìš©": 135559,
            "ì „í™˜ìˆ˜": 0,
            "ì „í™˜ê°’": 0,
            "ROAS": 0.0
          },
          {
            "ì£¼": "2025-12-22/2025-12-28",
            "ë¹„ìš©": 153279,
            "ì „í™˜ìˆ˜": 4,
            "ì „í™˜ê°’": 2687500,
            "ROAS": 1753.3386830550826
          },
          {
            "ì£¼": "2025-12-29/2026-01-04",
            "ë¹„ìš©": 1103,
            "ì „í™˜ìˆ˜": 0,
            "ì „í™˜ê°’": 0,
            "ROAS": 0.0
          }
        ]
      }
    ],
    "age_monthly_trend": [
      {
        "age": "19ì„¸ ~ 24ì„¸",
        "months_data": [
          {
            "ì›”": "2025-01",
            "ë¹„ìš©": 98164,
            "ì „í™˜ìˆ˜": 0,
            "ì „í™˜ê°’": 0,
            "ROAS": 0.0
          },
          {
            "ì›”": "2025-02",
            "ë¹„ìš©": 83279,
            "ì „í™˜ìˆ˜": 1,
            "ì „í™˜ê°’": 671875,
            "ROAS": 806.7760179637123
          },
          {
            "ì›”": "2025-03",
            "ë¹„ìš©": 95889,
            "ì „í™˜ìˆ˜": 1,
            "ì „í™˜ê°’": 671875,
            "ROAS": 700.6799528621635
          },
          {
            "ì›”": "2025-04",
            "ë¹„ìš©": 143549,
            "ì „í™˜ìˆ˜": 0,
            "ì „í™˜ê°’": 0,
            "ROAS": 0.0
          },
          {
            "ì›”": "2025-05",
            "ë¹„ìš©": 44649,
            "ì „í™˜ìˆ˜": 0,
            "ì „í™˜ê°’": 0,
            "ROAS": 0.0
          },
          {
            "ì›”": "2025-06",
            "ë¹„ìš©": 54302,
            "ì „í™˜ìˆ˜": 0,
            "ì „í™˜ê°’": 0,
            "ROAS": 0.0
          },
          {
            "ì›”": "2025-07",
            "ë¹„ìš©": 72434,
            "ì „í™˜ìˆ˜": 0,
            "ì „í™˜ê°’": 0,
            "ROAS": 0.0
          },
          {
            "ì›”": "2025-08",
            "ë¹„ìš©": 138435,
            "ì „í™˜ìˆ˜": 0,
            "ì „í™˜ê°’": 0,
            "ROAS": 0.0
          },
          {
            "ì›”": "2025-09",
            "ë¹„ìš©": 123413,
            "ì „í™˜ìˆ˜": 1,
            "ì „í™˜ê°’": 671875,
            "ROAS": 544.411852884218
          },
          {
            "ì›”": "2025-10",
            "ë¹„ìš©": 130896,
            "ì „í™˜ìˆ˜": 1,
            "ì „í™˜ê°’": 671875,
            "ROAS": 513.2891761398362
          },
          {
            "ì›”": "2025-11",
            "ë¹„ìš©": 126945,
            "ì „í™˜ìˆ˜": 0,
            "ì „í™˜ê°’": 0,
            "ROAS": 0.0
          },
          {
            "ì›”": "2025-12",
            "ë¹„ìš©": 65311,
            "ì „í™˜ìˆ˜": 0,
            "ì „í™˜ê°’": 0,
            "ROAS": 0.0
          }
        ]
      },
      {
        "age": "25ì„¸ ~ 34ì„¸",
        "months_data": [
          {
            "ì›”": "2025-01",
            "ë¹„ìš©": 579800,
            "ì „í™˜ìˆ˜": 9,
            "ì „í™˜ê°’": 6046875,
            "ROAS": 1042.9242842359433
          },
          {
            "ì›”": "2025-02",
            "ë¹„ìš©": 454867,
            "ì „í™˜ìˆ˜": 5,
            "ì „í™˜ê°’": 3359375,
            "ROAS": 738.5400567638452
          },
          {
            "ì›”": "2025-03",
            "ë¹„ìš©": 466249,
            "ì „í™˜ìˆ˜": 1,
            "ì „í™˜ê°’": 671875,
            "ROAS": 144.10218574195332
          },
          {
            "ì›”": "2025-04",
            "ë¹„ìš©": 789514,
            "ì „í™˜ìˆ˜": 7,
            "ì „í™˜ê°’": 4703125,
            "ROAS": 595.6987463173548
          },
          {
            "ì›”": "2025-05",
            "ë¹„ìš©": 327623,
            "ì „í™˜ìˆ˜": 5,
            "ì „í™˜ê°’": 3359375,
            "ROAS": 1025.3782548844251
          },
          {
            "ì›”": "2025-06",
            "ë¹„ìš©": 386352,
            "ì „í™˜ìˆ˜": 7,
            "ì „í™˜ê°’": 4703125,
            "ROAS": 1217.3160744605955
          },
          {
            "ì›”": "2025-07",
            "ë¹„ìš©": 515529,
            "ì „í™˜ìˆ˜": 5,
            "ì „í™˜ê°’": 3359375,
            "ROAS": 651.636474378745
          },
          {
            "ì›”": "2025-08",
            "ë¹„ìš©": 712176,
            "ì „í™˜ìˆ˜": 8,
            "ì „í™˜ê°’": 5375000,
            "ROAS": 754.7291680708139
          },
          {
            "ì›”": "2025-09",
            "ë¹„ìš©": 647484,
            "ì „í™˜ìˆ˜": 6,
            "ì „í™˜ê°’": 4031250,
            "ROAS": 622.6022573530774
          },
          {
            "ì›”": "2025-10",
            "ë¹„ìš©": 703576,
            "ì „í™˜ìˆ˜": 11,
            "ì „í™˜ê°’": 7390625,
            "ROAS": 1050.4373372599407
          },
          {
            "ì›”": "2025-11",
            "ë¹„ìš©": 743743,
            "ì „í™˜ìˆ˜": 9,
            "ì „í™˜ê°’": 6046875,
            "ROAS": 813.0328621580304
          },
          {
            "ì›”": "2025-12",
            "ë¹„ìš©": 699210,
            "ì „í™˜ìˆ˜": 8,
            "ì „í™˜ê°’": 5375000,
            "ROAS": 768.7247035940562
          }
        ]
      },
      {
        "age": "35ì„¸ ~ 44ì„¸",
        "months_data": [
          {
            "ì›”": "2025-01",
            "ë¹„ìš©": 426290,
            "ì „í™˜ìˆ˜": 6,
            "ì „í™˜ê°’": 4031250,
            "ROAS": 945.6590583874828
          },
          {
            "ì›”": "2025-02",
            "ë¹„ìš©": 263355,
            "ì „í™˜ìˆ˜": 8,
            "ì „í™˜ê°’": 5375000,
            "ROAS": 2040.9713124869472
          },
          {
            "ì›”": "2025-03",
            "ë¹„ìš©": 242844,
            "ì „í™˜ìˆ˜": 3,
            "ì „í™˜ê°’": 2015625,
            "ROAS": 830.0081533824184
          },
          {
            "ì›”": "2025-04",
            "ë¹„ìš©": 682303,
            "ì „í™˜ìˆ˜": 7,
            "ì „í™˜ê°’": 4703125,
            "ROAS": 689.3015273273018
          },
          {
            "ì›”": "2025-05",
            "ë¹„ìš©": 257611,
            "ì „í™˜ìˆ˜": 4,
            "ì „í™˜ê°’": 2687500,
            "ROAS": 1043.2396132152742
          },
          {
            "ì›”": "2025-06",
            "ë¹„ìš©": 314820,
            "ì „í™˜ìˆ˜": 9,
            "ì „í™˜ê°’": 6046875,
            "ROAS": 1920.7404230989137
          },
          {
            "ì›”": "2025-07",
            "ë¹„ìš©": 432362,
            "ì „í™˜ìˆ˜": 10,
            "ì „í™˜ê°’": 6718750,
            "ROAS": 1553.9640393929162
          },
          {
            "ì›”": "2025-08",
            "ë¹„ìš©": 633989,
            "ì „í™˜ìˆ˜": 12,
            "ì „í™˜ê°’": 8062500,
            "ROAS": 1271.7097615258308
          },
          {
            "ì›”": "2025-09",
            "ë¹„ìš©": 522847,
            "ì „í™˜ìˆ˜": 10,
            "ì „í™˜ê°’": 6718750,
            "ROAS": 1285.0317588128075
          },
          {
            "ì›”": "2025-10",
            "ë¹„ìš©": 606203,
            "ì „í™˜ìˆ˜": 3,
            "ì „í™˜ê°’": 2015625,
            "ROAS": 332.500004124031
          },
          {
            "ì›”": "2025-11",
            "ë¹„ìš©": 674249,
            "ì „í™˜ìˆ˜": 12,
            "ì „í™˜ê°’": 8062500,
            "ROAS": 1195.7748546901812
          },
          {
            "ì›”": "2025-12",
            "ë¹„ìš©": 813978,
            "ì „í™˜ìˆ˜": 18,
            "ì „í™˜ê°’": 12093750,
            "ROAS": 1485.7588288626966
          }
        ]
      },
      {
        "age": "45ì„¸ ~ 54ì„¸",
        "months_data": [
          {
            "ì›”": "2025-01",
            "ë¹„ìš©": 182280,
            "ì „í™˜ìˆ˜": 4,
            "ì „í™˜ê°’": 2687500,
            "ROAS": 1474.3800746104894
          },
          {
            "ì›”": "2025-02",
            "ë¹„ìš©": 88832,
            "ì „í™˜ìˆ˜": 1,
            "ì „í™˜ê°’": 671875,
            "ROAS": 756.3434347982709
          },
          {
            "ì›”": "2025-03",
            "ë¹„ìš©": 91941,
            "ì „í™˜ìˆ˜": 1,
            "ì „í™˜ê°’": 671875,
            "ROAS": 730.7675574553247
          },
          {
            "ì›”": "2025-04",
            "ë¹„ìš©": 413066,
            "ì „í™˜ìˆ˜": 4,
            "ì „í™˜ê°’": 2687500,
            "ROAS": 650.6224186933807
          },
          {
            "ì›”": "2025-05",
            "ë¹„ìš©": 105262,
            "ì „í™˜ìˆ˜": 2,
            "ì „í™˜ê°’": 1343750,
            "ROAS": 1276.576542341966
          },
          {
            "ì›”": "2025-06",
            "ë¹„ìš©": 128925,
            "ì „í™˜ìˆ˜": 0,
            "ì „í™˜ê°’": 0,
            "ROAS": 0.0
          },
          {
            "ì›”": "2025-07",
            "ë¹„ìš©": 176977,
            "ì „í™˜ìˆ˜": 3,
            "ì „í™˜ê°’": 2015625,
            "ROAS": 1138.9191815885679
          },
          {
            "ì›”": "2025-08",
            "ë¹„ìš©": 270190,
            "ì „í™˜ìˆ˜": 4,
            "ì „í™˜ê°’": 2687500,
            "ROAS": 994.6704171138828
          },
          {
            "ì›”": "2025-09",
            "ë¹„ìš©": 263451,
            "ì „í™˜ìˆ˜": 4,
            "ì „í™˜ê°’": 2687500,
            "ROAS": 1020.1137972526201
          },
          {
            "ì›”": "2025-10",
            "ë¹„ìš©": 231550,
            "ì „í™˜ìˆ˜": 3,
            "ì „í™˜ê°’": 2015625,
            "ROAS": 870.4923342690563
          },
          {
            "ì›”": "2025-11",
            "ë¹„ìš©": 225570,
            "ì „í™˜ìˆ˜": 2,
            "ì „í™˜ê°’": 1343750,
            "ROAS": 595.7130824134415
          },
          {
            "ì›”": "2025-12",
            "ë¹„ìš©": 340334,
            "ì „í™˜ìˆ˜": 3,
            "ì „í™˜ê°’": 2015625,
            "ROAS": 592.2490847226549
          }
        ]
      },
      {
        "age": "55ì„¸ ~ 64ì„¸",
        "months_data": [
          {
            "ì›”": "2025-01",
            "ë¹„ìš©": 112123,
            "ì „í™˜ìˆ˜": 0,
            "ì „í™˜ê°’": 0,
            "ROAS": 0.0
          },
          {
            "ì›”": "2025-02",
            "ë¹„ìš©": 71918,
            "ì „í™˜ìˆ˜": 0,
            "ì „í™˜ê°’": 0,
            "ROAS": 0.0
          },
          {
            "ì›”": "2025-03",
            "ë¹„ìš©": 61843,
            "ì „í™˜ìˆ˜": 1,
            "ì „í™˜ê°’": 671875,
            "ROAS": 1086.4204517892083
          },
          {
            "ì›”": "2025-04",
            "ë¹„ìš©": 255098,
            "ì „í™˜ìˆ˜": 2,
            "ì „í™˜ê°’": 1343750,
            "ROAS": 526.7583438521666
          },
          {
            "ì›”": "2025-05",
            "ë¹„ìš©": 36728,
            "ì „í™˜ìˆ˜": 0,
            "ì „í™˜ê°’": 0,
            "ROAS": 0.0
          },
          {
            "ì›”": "2025-06",
            "ë¹„ìš©": 53417,
            "ì „í™˜ìˆ˜": 5,
            "ì „í™˜ê°’": 3359375,
            "ROAS": 6288.962315367767
          },
          {
            "ì›”": "2025-07",
            "ë¹„ìš©": 45824,
            "ì „í™˜ìˆ˜": 0,
            "ì „í™˜ê°’": 0,
            "ROAS": 0.0
          },
          {
            "ì›”": "2025-08",
            "ë¹„ìš©": 122805,
            "ì „í™˜ìˆ˜": 1,
            "ì „í™˜ê°’": 671875,
            "ROAS": 547.1072024754692
          },
          {
            "ì›”": "2025-09",
            "ë¹„ìš©": 86755,
            "ì „í™˜ìˆ˜": 1,
            "ì „í™˜ê°’": 671875,
            "ROAS": 774.4510402858625
          },
          {
            "ì›”": "2025-10",
            "ë¹„ìš©": 63945,
            "ì „í™˜ìˆ˜": 1,
            "ì „í™˜ê°’": 671875,
            "ROAS": 1050.70763937759
          },
          {
            "ì›”": "2025-11",
            "ë¹„ìš©": 69405,
            "ì „í™˜ìˆ˜": 0,
            "ì „í™˜ê°’": 0,
            "ROAS": 0.0
          },
          {
            "ì›”": "2025-12",
            "ë¹„ìš©": 121137,
            "ì „í™˜ìˆ˜": 1,
            "ì „í™˜ê°’": 671875,
            "ROAS": 554.6406135202292
          }
        ]
      },
      {
        "age": "65ì„¸ ì´ìƒ",
        "months_data": [
          {
            "ì›”": "2025-01",
            "ë¹„ìš©": 52882,
            "ì „í™˜ìˆ˜": 1,
            "ì „í™˜ê°’": 671875,
            "ROAS": 1270.517378313982
          },
          {
            "ì›”": "2025-02",
            "ë¹„ìš©": 43153,
            "ì „í™˜ìˆ˜": 0,
            "ì „í™˜ê°’": 0,
            "ROAS": 0.0
          },
          {
            "ì›”": "2025-03",
            "ë¹„ìš©": 31843,
            "ì „í™˜ìˆ˜": 0,
            "ì „í™˜ê°’": 0,
            "ROAS": 0.0
          },
          {
            "ì›”": "2025-04",
            "ë¹„ìš©": 88742,
            "ì „í™˜ìˆ˜": 0,
            "ì „í™˜ê°’": 0,
            "ROAS": 0.0
          },
          {
            "ì›”": "2025-05",
            "ë¹„ìš©": 8214,
            "ì „í™˜ìˆ˜": 0,
            "ì „í™˜ê°’": 0,
            "ROAS": 0.0
          },
          {
            "ì›”": "2025-06",
            "ë¹„ìš©": 27335,
            "ì „í™˜ìˆ˜": 0,
            "ì „í™˜ê°’": 0,
            "ROAS": 0.0
          },
          {
            "ì›”": "2025-07",
            "ë¹„ìš©": 36215,
            "ì „í™˜ìˆ˜": 0,
            "ì „í™˜ê°’": 0,
            "ROAS": 0.0
          },
          {
            "ì›”": "2025-08",
            "ë¹„ìš©": 106060,
            "ì „í™˜ìˆ˜": 2,
            "ì „í™˜ê°’": 1343750,
            "ROAS": 1266.9715255515746
          },
          {
            "ì›”": "2025-09",
            "ë¹„ìš©": 48814,
            "ì „í™˜ìˆ˜": 0,
            "ì „í™˜ê°’": 0,
            "ROAS": 0.0
          },
          {
            "ì›”": "2025-10",
            "ë¹„ìš©": 48666,
            "ì „í™˜ìˆ˜": 0,
            "ì „í™˜ê°’": 0,
            "ROAS": 0.0
          },
          {
            "ì›”": "2025-11",
            "ë¹„ìš©": 29007,
            "ì „í™˜ìˆ˜": 0,
            "ì „í™˜ê°’": 0,
            "ROAS": 0.0
          },
          {
            "ì›”": "2025-12",
            "ë¹„ìš©": 40663,
            "ì „í™˜ìˆ˜": 0,
            "ì „í™˜ê°’": 0,
            "ROAS": 0.0
          }
        ]
      }
    ],
    "age_weekly_trend": [
      {
        "age": "19ì„¸ ~ 24ì„¸",
        "weeks_data": [
          {
            "ì£¼": "2025-11-10/2025-11-16",
            "ë¹„ìš©": 33507,
            "ì „í™˜ìˆ˜": 0,
            "ì „í™˜ê°’": 0,
            "ROAS": 0.0
          },
          {
            "ì£¼": "2025-11-17/2025-11-23",
            "ë¹„ìš©": 24180,
            "ì „í™˜ìˆ˜": 0,
            "ì „í™˜ê°’": 0,
            "ROAS": 0.0
          },
          {
            "ì£¼": "2025-11-24/2025-11-30",
            "ë¹„ìš©": 25144,
            "ì „í™˜ìˆ˜": 0,
            "ì „í™˜ê°’": 0,
            "ROAS": 0.0
          },
          {
            "ì£¼": "2025-12-01/2025-12-07",
            "ë¹„ìš©": 22504,
            "ì „í™˜ìˆ˜": 0,
            "ì „í™˜ê°’": 0,
            "ROAS": 0.0
          },
          {
            "ì£¼": "2025-12-08/2025-12-14",
            "ë¹„ìš©": 19725,
            "ì „í™˜ìˆ˜": 0,
            "ì „í™˜ê°’": 0,
            "ROAS": 0.0
          },
          {
            "ì£¼": "2025-12-15/2025-12-21",
            "ë¹„ìš©": 11532,
            "ì „í™˜ìˆ˜": 0,
            "ì „í™˜ê°’": 0,
            "ROAS": 0.0
          },
          {
            "ì£¼": "2025-12-22/2025-12-28",
            "ë¹„ìš©": 11468,
            "ì „í™˜ìˆ˜": 0,
            "ì „í™˜ê°’": 0,
            "ROAS": 0.0
          },
          {
            "ì£¼": "2025-12-29/2026-01-04",
            "ë¹„ìš©": 82,
            "ì „í™˜ìˆ˜": 0,
            "ì „í™˜ê°’": 0,
            "ROAS": 0.0
          }
        ]
      },
      {
        "age": "25ì„¸ ~ 34ì„¸",
        "weeks_data": [
          {
            "ì£¼": "2025-11-10/2025-11-16",
            "ë¹„ìš©": 181549,
            "ì „í™˜ìˆ˜": 4,
            "ì „í™˜ê°’": 2687500,
            "ROAS": 1480.3166087392383
          },
          {
            "ì£¼": "2025-11-17/2025-11-23",
            "ë¹„ìš©": 159007,
            "ì „í™˜ìˆ˜": 3,
            "ì „í™˜ê°’": 2015625,
            "ROAS": 1267.6328715088016
          },
          {
            "ì£¼": "2025-11-24/2025-11-30",
            "ë¹„ìš©": 159038,
            "ì „í™˜ìˆ˜": 2,
            "ì „í™˜ê°’": 1343750,
            "ROAS": 844.9238546762409
          },
          {
            "ì£¼": "2025-12-01/2025-12-07",
            "ë¹„ìš©": 198672,
            "ì „í™˜ìˆ˜": 3,
            "ì „í™˜ê°’": 2015625,
            "ROAS": 1014.5491060642668
          },
          {
            "ì£¼": "2025-12-08/2025-12-14",
            "ë¹„ìš©": 181592,
            "ì „í™˜ìˆ˜": 3,
            "ì „í™˜ê°’": 2015625,
            "ROAS": 1109.974558350588
          },
          {
            "ì£¼": "2025-12-15/2025-12-21",
            "ë¹„ìš©": 170828,
            "ì „í™˜ìˆ˜": 0,
            "ì „í™˜ê°’": 0,
            "ROAS": 0.0
          },
          {
            "ì£¼": "2025-12-22/2025-12-28",
            "ë¹„ìš©": 145904,
            "ì „í™˜ìˆ˜": 2,
            "ì „í™˜ê°’": 1343750,
            "ROAS": 920.9822897247506
          },
          {
            "ì£¼": "2025-12-29/2026-01-04",
            "ë¹„ìš©": 2214,
            "ì „í™˜ìˆ˜": 0,
            "ì „í™˜ê°’": 0,
            "ROAS": 0.0
          }
        ]
      },
      {
        "age": "35ì„¸ ~ 44ì„¸",
        "weeks_data": [
          {
            "ì£¼": "2025-11-10/2025-11-16",
            "ë¹„ìš©": 149829,
            "ì „í™˜ìˆ˜": 1,
            "ì „í™˜ê°’": 671875,
            "ROAS": 448.4278744435323
          },
          {
            "ì£¼": "2025-11-17/2025-11-23",
            "ë¹„ìš©": 175355,
            "ì „í™˜ìˆ˜": 4,
            "ì „í™˜ê°’": 2687500,
            "ROAS": 1532.6052864189787
          },
          {
            "ì£¼": "2025-11-24/2025-11-30",
            "ë¹„ìš©": 133247,
            "ì „í™˜ìˆ˜": 3,
            "ì „í™˜ê°’": 2015625,
            "ROAS": 1512.698222098809
          },
          {
            "ì£¼": "2025-12-01/2025-12-07",
            "ë¹„ìš©": 228203,
            "ì „í™˜ìˆ˜": 6,
            "ì „í™˜ê°’": 4031250,
            "ROAS": 1766.5192832697205
          },
          {
            "ì£¼": "2025-12-08/2025-12-14",
            "ë¹„ìš©": 218040,
            "ì „í™˜ìˆ˜": 4,
            "ì „í™˜ê°’": 2687500,
            "ROAS": 1232.572005136672
          },
          {
            "ì£¼": "2025-12-15/2025-12-21",
            "ë¹„ìš©": 197198,
            "ì „í™˜ìˆ˜": 1,
            "ì „í™˜ê°’": 671875,
            "ROAS": 340.7108591365024
          },
          {
            "ì£¼": "2025-12-22/2025-12-28",
            "ë¹„ìš©": 168726,
            "ì „í™˜ìˆ˜": 7,
            "ì „í™˜ê°’": 4703125,
            "ROAS": 2787.4334720197244
          },
          {
            "ì£¼": "2025-12-29/2026-01-04",
            "ë¹„ìš©": 1811,
            "ì „í™˜ìˆ˜": 0,
            "ì „í™˜ê°’": 0,
            "ROAS": 0.0
          }
        ]
      },
      {
        "age": "45ì„¸ ~ 54ì„¸",
        "weeks_data": [
          {
            "ì£¼": "2025-11-10/2025-11-16",
            "ë¹„ìš©": 57148,
            "ì „í™˜ìˆ˜": 1,
            "ì „í™˜ê°’": 671875,
            "ROAS": 1175.675439210471
          },
          {
            "ì£¼": "2025-11-17/2025-11-23",
            "ë¹„ìš©": 43566,
            "ì „í™˜ìˆ˜": 0,
            "ì „í™˜ê°’": 0,
            "ROAS": 0.0
          },
          {
            "ì£¼": "2025-11-24/2025-11-30",
            "ë¹„ìš©": 50079,
            "ì „í™˜ìˆ˜": 1,
            "ì „í™˜ê°’": 671875,
            "ROAS": 1341.6302242456918
          },
          {
            "ì£¼": "2025-12-01/2025-12-07",
            "ë¹„ìš©": 93663,
            "ì „í™˜ìˆ˜": 2,
            "ì „í™˜ê°’": 1343750,
            "ROAS": 1434.6647021769536
          },
          {
            "ì£¼": "2025-12-08/2025-12-14",
            "ë¹„ìš©": 76133,
            "ì „í™˜ìˆ˜": 0,
            "ì „í™˜ê°’": 0,
            "ROAS": 0.0
          },
          {
            "ì£¼": "2025-12-15/2025-12-21",
            "ë¹„ìš©": 90170,
            "ì „í™˜ìˆ˜": 0,
            "ì „í™˜ê°’": 0,
            "ROAS": 0.0
          },
          {
            "ì£¼": "2025-12-22/2025-12-28",
            "ë¹„ìš©": 78610,
            "ì „í™˜ìˆ˜": 1,
            "ì „í™˜ê°’": 671875,
            "ROAS": 854.6940592799897
          },
          {
            "ì£¼": "2025-12-29/2026-01-04",
            "ë¹„ìš©": 1758,
            "ì „í™˜ìˆ˜": 0,
            "ì „í™˜ê°’": 0,
            "ROAS": 0.0
          }
        ]
      },
      {
        "age": "55ì„¸ ~ 64ì„¸",
        "weeks_data": [
          {
            "ì£¼": "2025-11-03/2025-11-09",
            "ë¹„ìš©": 10221,
            "ì „í™˜ìˆ˜": 0,
            "ì „í™˜ê°’": 0,
            "ROAS": 0.0
          },
          {
            "ì£¼": "2025-11-10/2025-11-16",
            "ë¹„ìš©": 14298,
            "ì „í™˜ìˆ˜": 0,
            "ì „í™˜ê°’": 0,
            "ROAS": 0.0
          },
          {
            "ì£¼": "2025-11-17/2025-11-23",
            "ë¹„ìš©": 20790,
            "ì „í™˜ìˆ˜": 0,
            "ì „í™˜ê°’": 0,
            "ROAS": 0.0
          },
          {
            "ì£¼": "2025-11-24/2025-11-30",
            "ë¹„ìš©": 19771,
            "ì „í™˜ìˆ˜": 0,
            "ì „í™˜ê°’": 0,
            "ROAS": 0.0
          },
          {
            "ì£¼": "2025-12-01/2025-12-07",
            "ë¹„ìš©": 45471,
            "ì „í™˜ìˆ˜": 1,
            "ì „í™˜ê°’": 671875,
            "ROAS": 1477.5901123793187
          },
          {
            "ì£¼": "2025-12-08/2025-12-14",
            "ë¹„ìš©": 22399,
            "ì „í™˜ìˆ˜": 0,
            "ì „í™˜ê°’": 0,
            "ROAS": 0.0
          },
          {
            "ì£¼": "2025-12-15/2025-12-21",
            "ë¹„ìš©": 27755,
            "ì „í™˜ìˆ˜": 0,
            "ì „í™˜ê°’": 0,
            "ROAS": 0.0
          },
          {
            "ì£¼": "2025-12-22/2025-12-28",
            "ë¹„ìš©": 25512,
            "ì „í™˜ìˆ˜": 0,
            "ì „í™˜ê°’": 0,
            "ROAS": 0.0
          }
        ]
      },
      {
        "age": "65ì„¸ ì´ìƒ",
        "weeks_data": [
          {
            "ì£¼": "2025-11-03/2025-11-09",
            "ë¹„ìš©": 6050,
            "ì „í™˜ìˆ˜": 0,
            "ì „í™˜ê°’": 0,
            "ROAS": 0.0
          },
          {
            "ì£¼": "2025-11-10/2025-11-16",
            "ë¹„ìš©": 7307,
            "ì „í™˜ìˆ˜": 0,
            "ì „í™˜ê°’": 0,
            "ROAS": 0.0
          },
          {
            "ì£¼": "2025-11-17/2025-11-23",
            "ë¹„ìš©": 5781,
            "ì „í™˜ìˆ˜": 0,
            "ì „í™˜ê°’": 0,
            "ROAS": 0.0
          },
          {
            "ì£¼": "2025-11-24/2025-11-30",
            "ë¹„ìš©": 9204,
            "ì „í™˜ìˆ˜": 0,
            "ì „í™˜ê°’": 0,
            "ROAS": 0.0
          },
          {
            "ì£¼": "2025-12-01/2025-12-07",
            "ë¹„ìš©": 8178,
            "ì „í™˜ìˆ˜": 0,
            "ì „í™˜ê°’": 0,
            "ROAS": 0.0
          },
          {
            "ì£¼": "2025-12-08/2025-12-14",
            "ë¹„ìš©": 12797,
            "ì „í™˜ìˆ˜": 0,
            "ì „í™˜ê°’": 0,
            "ROAS": 0.0
          },
          {
            "ì£¼": "2025-12-15/2025-12-21",
            "ë¹„ìš©": 14380,
            "ì „í™˜ìˆ˜": 0,
            "ì „í™˜ê°’": 0,
            "ROAS": 0.0
          },
          {
            "ì£¼": "2025-12-22/2025-12-28",
            "ë¹„ìš©": 5308,
            "ì „í™˜ìˆ˜": 0,
            "ì „í™˜ê°’": 0,
            "ROAS": 0.0
          }
        ]
      }
    ]
  },
  "timeseries_insights": [
    {
      "type": "revenue_surge",
      "message": "2025-12 ë§¤ì¶œì´ ì „ì›” ëŒ€ë¹„ 26.1% ê¸‰ì¦í–ˆìŠµë‹ˆë‹¤!",
      "severity": "positive",
      "value": 26.08695652173913
    },
    {
      "type": "brand_growth",
      "message": "ê¸°íƒ€ ë¸Œëœë“œê°€ 45.0% ì„±ì¥í•˜ì—¬ ê°€ì¥ ë†’ì€ ì„±ì¥ë¥ ì„ ë³´ì´ê³  ìˆìŠµë‹ˆë‹¤.",
      "severity": "opportunity",
      "brand": "ê¸°íƒ€",
      "value": 45.0
    },
    {
      "type": "product_growth",
      "message": "ê¸°íƒ€ ìƒí’ˆì´ 45.0% ì„±ì¥ ì¤‘ì…ë‹ˆë‹¤. ë§ˆì¼€íŒ… ê°•í™”ë¥¼ ì¶”ì²œí•©ë‹ˆë‹¤.",
      "severity": "opportunity",
      "product": "ê¸°íƒ€",
      "value": 45.0
    },
    {
      "type": "weekly_revenue_drop",
      "message": "2025-12-29/2026-01-04 ì£¼ê°„ ë§¤ì¶œì´ ì „ì£¼ ëŒ€ë¹„ 100.0% ê°ì†Œí–ˆìŠµë‹ˆë‹¤. ì¦‰ê°ì ì¸ ì ê²€ì´ í•„ìš”í•©ë‹ˆë‹¤.",
      "severity": "warning",
      "value": -100.0
    }
  ],
  "prophet_forecast": {
    "summary": {
      "overall": {
        "forecast_period": {
          "start_date": "2025-12-30",
          "end_date": "2026-01-28",
          "total_days": 30
        },
        "total_forecast_revenue": 149517912.852067,
        "avg_daily_forecast": 4983930.428402233,
        "avg_forecast_roas": 1409.2608019575675,
        "avg_forecast_cpa": 47675.703394766686,
        "total_forecast_cost": 10609669.455389347,
        "total_forecast_conversions": 222.53828889609963
      }
    },
    "by_category": [
      {
        "category": "ë©”íƒ€_ì „í™˜",
        "total_30day_forecast": 8428975.241048574,
        "avg_daily_forecast": 280965.8413682858,
        "trend_direction": "ìƒìŠ¹",
        "first_week_avg": 270477.3104227632,
        "last_week_avg": 298958.695564374,
        "avg_forecast_roas": 1494.1636387401256,
        "avg_forecast_cpa": 9178.174918363042
      }
    ],
    "by_brand": [
      {
        "brand": "ê¸°íƒ€",
        "total_30day_forecast": 29718551.900504876,
        "avg_daily_forecast": 990618.3966834958,
        "avg_forecast_roas": 1393.671785087303,
        "avg_forecast_cpa": 48208.983434210226,
        "total_forecast_cost": 2132392.44838721
      }
    ],
    "by_product": [
      {
        "product": "ê¸°íƒ€",
        "total_30day_forecast": 29718551.900504876,
        "avg_daily_forecast": 990618.3966834958,
        "avg_forecast_roas": 1393.671785087303,
        "avg_forecast_cpa": 48208.983434210226,
        "total_forecast_cost": 2132392.44838721
      }
    ],
    "by_gender": [
      {
        "gender": "ë‚¨ì„±",
        "total_30day_forecast": 29171032.726033915,
        "avg_daily_forecast": 972367.7575344638,
        "avg_forecast_roas": 1873.5789238366233,
        "avg_forecast_cpa": 35860.512276908375,
        "total_forecast_cost": 1556968.4497890754
      },
      {
        "gender": "ì—¬ì„±",
        "total_30day_forecast": 24254059.729574814,
        "avg_daily_forecast": 808468.6576524938,
        "avg_forecast_roas": 3697.4243611105485,
        "avg_forecast_cpa": 18171.433256803597,
        "total_forecast_cost": 655971.7619832506
      }
    ],
    "by_age": [
      {
        "age": "35ì„¸ ~ 44ì„¸",
        "total_30day_forecast": 32752323.734186526,
        "avg_daily_forecast": 1091744.1244728842,
        "avg_forecast_roas": 3654.5300513713337,
        "avg_forecast_cpa": 18384.71679136649,
        "total_forecast_cost": 896211.6407250906
      },
      {
        "age": "25ì„¸ ~ 34ì„¸",
        "total_30day_forecast": 26366884.667295475,
        "avg_daily_forecast": 878896.1555765158,
        "avg_forecast_roas": 3494.6883864379693,
        "avg_forecast_cpa": 19225.60542471777,
        "total_forecast_cost": 754484.5706306435
      },
      {
        "age": "19ì„¸ ~ 24ì„¸",
        "total_30day_forecast": 0.0,
        "avg_daily_forecast": null,
        "avg_forecast_roas": 0.0,
        "avg_forecast_cpa": 0.0,
        "total_forecast_cost": 51877.26297153639
      },
      {
        "age": "45ì„¸ ~ 54ì„¸",
        "total_30day_forecast": 0.0,
        "avg_daily_forecast": null,
        "avg_forecast_roas": 0.0,
        "avg_forecast_cpa": 0.0,
        "total_forecast_cost": 364541.8859654856
      },
      {
        "age": "55ì„¸ ~ 64ì„¸",
        "total_30day_forecast": 0.0,
        "avg_daily_forecast": null,
        "avg_forecast_roas": 0.0,
        "avg_forecast_cpa": 0.0,
        "total_forecast_cost": 145040.76864324464
      },
      {
        "age": "65ì„¸ ì´ìƒ",
        "total_30day_forecast": 0.0,
        "avg_daily_forecast": null,
        "avg_forecast_roas": 0.0,
        "avg_forecast_cpa": 0.0,
        "total_forecast_cost": 42638.25793239324
      }
    ],
    "by_device": [
      {
        "device": "ì• í”Œ",
        "total_30day_forecast": 26492000.524444476,
        "avg_daily_forecast": 883066.6841481492,
        "avg_forecast_roas": 2389.320631373671,
        "avg_forecast_cpa": 28119.917903765185,
        "total_forecast_cost": 1108767.0769918254
      },
      {
        "device": "ì•ˆë“œë¡œì´ë“œ",
        "total_30day_forecast": 22775349.616059747,
        "avg_daily_forecast": 759178.3205353249,
        "avg_forecast_roas": 2080.4878008357578,
        "avg_forecast_cpa": 32294.109089709626,
        "total_forecast_cost": 1094712.0000852977
      },
      {
        "device": "ì›¹",
        "total_30day_forecast": 0.0,
        "avg_daily_forecast": null,
        "avg_forecast_roas": 0.0,
        "avg_forecast_cpa": 0.0,
        "total_forecast_cost": 42497.32492446598
      }
    ],
    "by_platform": [
      {
        "platform": "Instagram",
        "total_30day_forecast": 27755155.502510983,
        "avg_daily_forecast": 925171.8500836994,
        "avg_forecast_roas": 1521.6206864566848,
        "avg_forecast_cpa": 44155.22251899443,
        "total_forecast_cost": 1824052.1931351302
      },
      {
        "platform": "Facebook",
        "total_30day_forecast": 0.0,
        "avg_daily_forecast": null,
        "avg_forecast_roas": 0.0,
        "avg_forecast_cpa": 0.0,
        "total_forecast_cost": 298776.90599856497
      },
      {
        "platform": "Messenger",
        "total_30day_forecast": 0.0,
        "avg_daily_forecast": null,
        "avg_forecast_roas": 0.0,
        "avg_forecast_cpa": 0.0,
        "total_forecast_cost": 1224.2275216505952
      },
      {
        "platform": "Audience Network",
        "total_30day_forecast": 0.0,
        "avg_daily_forecast": null,
        "avg_forecast_roas": 0.0,
        "avg_forecast_cpa": 0.0,
        "total_forecast_cost": 68013.80195985903
      },
      {
        "platform": "threads",
        "total_30day_forecast": 0.0,
        "avg_daily_forecast": null,
        "avg_forecast_roas": 0.0,
        "avg_forecast_cpa": 0.0,
        "total_forecast_cost": 59384.66100302495
      }
    ],
    "by_deviceplatform": [
      {
        "deviceplatform": "ì•±",
        "total_30day_forecast": 32848035.989260323,
        "avg_daily_forecast": 1094934.5329753442,
        "avg_forecast_roas": 1492.9914767104751,
        "avg_forecast_cpa": 45001.931389477846,
        "total_forecast_cost": 2200148.929291597
      },
      {
        "deviceplatform": "ì›¹",
        "total_30day_forecast": 0.0,
        "avg_daily_forecast": null,
        "avg_forecast_roas": 0.0,
        "avg_forecast_cpa": 0.0,
        "total_forecast_cost": 42420.0780788784
      },
      {
        "deviceplatform": "ëª¨ë°”ì¼ì›¹",
        "total_30day_forecast": 0.0,
        "avg_daily_forecast": null,
        "avg_forecast_roas": 0.0,
        "avg_forecast_cpa": 0.0,
        "total_forecast_cost": 1268.2344199628387
      }
    ],
    "by_promotion": [
      {
        "promotion": "ê¸°íƒ€",
        "total_30day_forecast": 32278843.10166509,
        "avg_daily_forecast": 1075961.4367221696,
        "avg_forecast_roas": 1439.741889589601,
        "avg_forecast_cpa": 46666.350743709925,
        "total_forecast_cost": 2241988.187956814
      }
    ],
    "by_age_gender": [
      {
        "age_gender": "35ì„¸ ~ 44ì„¸_ë‚¨ì„±",
        "age": "35ì„¸ ~ 44ì„¸",
        "gender": "ë‚¨ì„±",
        "total_30day_forecast": 29094325.770267606,
        "avg_daily_forecast": 969810.8590089201,
        "avg_forecast_roas": 4943.853858653872,
        "avg_forecast_cpa": 13590.106407047808,
        "total_forecast_cost": 588494.8585067906,
        "total_forecast_conversions": 43.303182541793646
      },
      {
        "age_gender": "25ì„¸ ~ 34ì„¸_ë‚¨ì„±",
        "age": "25ì„¸ ~ 34ì„¸",
        "gender": "ë‚¨ì„±",
        "total_30day_forecast": 25920044.08507116,
        "avg_daily_forecast": 864001.4695023721,
        "avg_forecast_roas": 4767.797938913972,
        "avg_forecast_cpa": 14091.935283504114,
        "total_forecast_cost": 543648.1247142645,
        "total_forecast_conversions": 38.578670266152436
      },
      {
        "age_gender": "19ì„¸ ~ 24ì„¸_ë‚¨ì„±",
        "age": "19ì„¸ ~ 24ì„¸",
        "gender": "ë‚¨ì„±",
        "total_30day_forecast": 0.0,
        "avg_daily_forecast": null,
        "avg_forecast_roas": 0.0,
        "avg_forecast_cpa": 0.0,
        "total_forecast_cost": 38522.27528064025,
        "total_forecast_conversions": 0.0
      },
      {
        "age_gender": "25ì„¸ ~ 34ì„¸_ì—¬ì„±",
        "age": "25ì„¸ ~ 34ì„¸",
        "gender": "ì—¬ì„±",
        "total_30day_forecast": 0.0,
        "avg_daily_forecast": null,
        "avg_forecast_roas": 0.0,
        "avg_forecast_cpa": 0.0,
        "total_forecast_cost": 209831.6311705847,
        "total_forecast_conversions": 0.0
      },
      {
        "age_gender": "35ì„¸ ~ 44ì„¸_ì—¬ì„±",
        "age": "35ì„¸ ~ 44ì„¸",
        "gender": "ì—¬ì„±",
        "total_30day_forecast": 0.0,
        "avg_daily_forecast": null,
        "avg_forecast_roas": 0.0,
        "avg_forecast_cpa": 0.0,
        "total_forecast_cost": 296126.642746244,
        "total_forecast_conversions": 0.0
      },
      {
        "age_gender": "45ì„¸ ~ 54ì„¸_ë‚¨ì„±",
        "age": "45ì„¸ ~ 54ì„¸",
        "gender": "ë‚¨ì„±",
        "total_30day_forecast": 0.0,
        "avg_daily_forecast": null,
        "avg_forecast_roas": 0.0,
        "avg_forecast_cpa": 0.0,
        "total_forecast_cost": 236815.06853698983,
        "total_forecast_conversions": 0.0
      },
      {
        "age_gender": "45ì„¸ ~ 54ì„¸_ì—¬ì„±",
        "age": "45ì„¸ ~ 54ì„¸",
        "gender": "ì—¬ì„±",
        "total_30day_forecast": 0.0,
        "avg_daily_forecast": null,
        "avg_forecast_roas": 0.0,
        "avg_forecast_cpa": 0.0,
        "total_forecast_cost": 127449.35090628781,
        "total_forecast_conversions": 0.0
      },
      {
        "age_gender": "55ì„¸ ~ 64ì„¸_ë‚¨ì„±",
        "age": "55ì„¸ ~ 64ì„¸",
        "gender": "ë‚¨ì„±",
        "total_30day_forecast": 0.0,
        "avg_daily_forecast": null,
        "avg_forecast_roas": 0.0,
        "avg_forecast_cpa": 0.0,
        "total_forecast_cost": 122879.09577010346,
        "total_forecast_conversions": 0.0
      },
      {
        "age_gender": "65ì„¸ ì´ìƒ_ë‚¨ì„±",
        "age": "65ì„¸ ì´ìƒ",
        "gender": "ë‚¨ì„±",
        "total_30day_forecast": 0.0,
        "avg_daily_forecast": null,
        "avg_forecast_roas": 0.0,
        "avg_forecast_cpa": 0.0,
        "total_forecast_cost": 39487.93623846625,
        "total_forecast_conversions": 0.0
      },
      {
        "age_gender": "65ì„¸ ì´ìƒ_ì—¬ì„±",
        "age": "65ì„¸ ì´ìƒ",
        "gender": "ì—¬ì„±",
        "total_30day_forecast": 0.0,
        "avg_daily_forecast": null,
        "avg_forecast_roas": 0.0,
        "avg_forecast_cpa": 0.0,
        "total_forecast_cost": 5103.859996008181,
        "total_forecast_conversions": 0.0
      }
    ],
    "alerts": [
      {
        "type": "forecast_underperformance",
        "message": "ìµœê·¼ 7ì¼ ì‹¤ì ì´ ì˜ˆì¸¡ ëŒ€ë¹„ 22.9% ë¯¸ë‹¬ì…ë‹ˆë‹¤. ìº í˜ì¸ ì ê²€ì´ í•„ìš”í•©ë‹ˆë‹¤.",
        "severity": "warning",
        "value": -22.886465346468164
      },
      {
        "type": "brand_forecast_leader",
        "message": "ê¸°íƒ€ ë¸Œëœë“œê°€ í–¥í›„ 30ì¼ê°„ 29,718,552ì›ì˜ ë§¤ì¶œì´ ì˜ˆìƒë©ë‹ˆë‹¤.",
        "severity": "opportunity",
        "brand": "ê¸°íƒ€",
        "value": 29718551.900504876
      },
      {
        "type": "gender_forecast_opportunity",
        "message": "ë‚¨ì„± íƒ€ê²Ÿì´ í–¥í›„ 30ì¼ê°„ ê°€ì¥ ë†’ì€ ì „í™˜ê°’(29,171,033ì›)ì´ ì˜ˆìƒë©ë‹ˆë‹¤.",
        "severity": "opportunity",
        "gender": "ë‚¨ì„±",
        "value": 29171032.726033915
      },
      {
        "type": "age_forecast_opportunity",
        "message": "35ì„¸ ~ 44ì„¸ ì—°ë ¹ëŒ€ê°€ í–¥í›„ 30ì¼ê°„ 32,752,324ì›ì˜ ì „í™˜ê°’ì´ ì˜ˆìƒë©ë‹ˆë‹¤.",
        "severity": "opportunity",
        "age": "35ì„¸ ~ 44ì„¸",
        "value": 32752323.734186526
      },
      {
        "type": "age_gender_forecast_opportunity",
        "message": "35ì„¸ ~ 44ì„¸ ë‚¨ì„± íƒ€ê²Ÿì´ í–¥í›„ 30ì¼ê°„ 29,094,326ì›ì˜ ì „í™˜ê°’ì´ ì˜ˆìƒë©ë‹ˆë‹¤.",
        "severity": "opportunity",
        "age_gender": "35ì„¸ ~ 44ì„¸_ë‚¨ì„±",
        "age": "35ì„¸ ~ 44ì„¸",
        "gender": "ë‚¨ì„±",
        "value": 29094325.770267606
      }
    ],
    "recommendations": [
      {
        "title": "íƒ€ê²Ÿ ì˜¤ë””ì–¸ìŠ¤ ìµœì í™” (ì˜ˆì¸¡ ê¸°ë°˜)",
        "description": "ì˜ˆì¸¡ ë¶„ì„ ê²°ê³¼, 35ì„¸ ~ 44ì„¸ ë‚¨ì„± íƒ€ê²Ÿì´ ê°€ì¥ ë†’ì€ ì „í™˜ì´ ì˜ˆìƒë©ë‹ˆë‹¤. í•´ë‹¹ íƒ€ê²Ÿ ê´‘ê³  ë¹„ì¤‘ì„ í™•ëŒ€í•˜ì„¸ìš”.",
        "priority": "medium",
        "expected_impact": "ì „í™˜ìœ¨ 15-25% ê°œì„  ì˜ˆìƒ",
        "based_on": "prophet_forecast"
      },
      {
        "title": "ê¸°ê¸°í”Œë«í¼ ì§‘ì¤‘ ì „ëµ (ì˜ˆì¸¡ ê¸°ë°˜)",
        "description": "ì•± ê¸°ê¸°í”Œë«í¼ì—ì„œ í–¥í›„ 30ì¼ê°„ 32,848,036ì›ì˜ ì „í™˜ì´ ì˜ˆìƒë©ë‹ˆë‹¤. í•´ë‹¹ ê¸°ê¸°í”Œë«í¼ ê´‘ê³ ì— ì§‘ì¤‘í•˜ì„¸ìš”.",
        "priority": "medium",
        "expected_impact": "ROAS 10-20% ê°œì„  ì˜ˆìƒ",
        "based_on": "prophet_forecast"
      },
      {
        "title": "ì—°ë ¹+ì„±ë³„ íƒ€ê²ŸíŒ… ìµœì í™” (ì˜ˆì¸¡ ê¸°ë°˜)",
        "description": "í–¥í›„ 30ì¼ ì˜ˆì¸¡ ë§¤ì¶œ ìƒìœ„ íƒ€ê²Ÿ: 35ì„¸ ~ 44ì„¸ ë‚¨ì„±, 25ì„¸ ~ 34ì„¸ ë‚¨ì„±, 19ì„¸ ~ 24ì„¸ ë‚¨ì„±. í•´ë‹¹ íƒ€ê²Ÿì— ê´‘ê³  ì˜ˆì‚°ì„ ì§‘ì¤‘ ë°°ë¶„í•˜ì„¸ìš”.",
        "priority": "high",
        "expected_impact": "ì˜ˆìƒ ì´ ë§¤ì¶œ: 55,014,370ì›",
        "based_on": "prophet_forecast"
      }
    ]
  },
  "alerts": [
    {
      "type": "gender_targeting_opportunity",
      "title": "ğŸ¯ ë‚¨ì„± ê³ ê°ì´ ì—´ê´‘í•˜ê³  ìˆì–´ìš”!",
      "message": "ë‚¨ì„± íƒ€ê²ŸíŒ…ì˜ ROASê°€ 893%ë¡œ ìš°ìˆ˜í•©ë‹ˆë‹¤.",
      "action": "ë‚¨ì„± íƒ€ê²Ÿì˜ ë°˜ì‘ì´ ì¢‹ìŠµë‹ˆë‹¤. ê°„ê²°í•˜ê³  ì§ê´€ì ì¸ ë©”ì‹œì§€ë¡œ í•µì‹¬ ê°€ì¹˜ë¥¼ ì „ë‹¬í•˜ì„¸ìš”.",
      "severity": "opportunity",
      "category": "íƒ€ê²ŸíŒ…",
      "score": 5,
      "gender": "ë‚¨ì„±",
      "value": 892.8998014213264
    },
    {
      "type": "revenue_growth",
      "title": "ğŸ“ˆ ë§¤ì¶œì´ ì‘¥ì‘¥ ì˜¤ë¥´ê³  ìˆì–´ìš”!",
      "message": "ìµœê·¼ 30ì¼ ë§¤ì¶œì´ ì´ì „ ëŒ€ë¹„ 40.0% ì¦ê°€í–ˆìŠµë‹ˆë‹¤!",
      "action": "í˜„ì¬ ì „ëµì„ ìœ ì§€í•˜ë©´ì„œ ì„±ê³¼ ìš”ì¸ì„ ë¶„ì„í•´ë³´ì„¸ìš”.",
      "severity": "positive",
      "category": "ë§¤ì¶œ ë¶„ì„",
      "score": 4,
      "value": 40.0
    },
    {
      "type": "forecast_underperformance",
      "message": "ìµœê·¼ 7ì¼ ì‹¤ì ì´ ì˜ˆì¸¡ ëŒ€ë¹„ 22.9% ë¯¸ë‹¬ì…ë‹ˆë‹¤. ìº í˜ì¸ ì ê²€ì´ í•„ìš”í•©ë‹ˆë‹¤.",
      "severity": "warning",
      "value": -22.886465346468164
    },
    {
      "type": "brand_forecast_leader",
      "message": "ê¸°íƒ€ ë¸Œëœë“œê°€ í–¥í›„ 30ì¼ê°„ 29,718,552ì›ì˜ ë§¤ì¶œì´ ì˜ˆìƒë©ë‹ˆë‹¤.",
      "severity": "opportunity",
      "brand": "ê¸°íƒ€",
      "value": 29718551.900504876
    },
    {
      "type": "gender_forecast_opportunity",
      "message": "ë‚¨ì„± íƒ€ê²Ÿì´ í–¥í›„ 30ì¼ê°„ ê°€ì¥ ë†’ì€ ì „í™˜ê°’(29,171,033ì›)ì´ ì˜ˆìƒë©ë‹ˆë‹¤.",
      "severity": "opportunity",
      "gender": "ë‚¨ì„±",
      "value": 29171032.726033915
    },
    {
      "type": "age_forecast_opportunity",
      "message": "35ì„¸ ~ 44ì„¸ ì—°ë ¹ëŒ€ê°€ í–¥í›„ 30ì¼ê°„ 32,752,324ì›ì˜ ì „í™˜ê°’ì´ ì˜ˆìƒë©ë‹ˆë‹¤.",
      "severity": "opportunity",
      "age": "35ì„¸ ~ 44ì„¸",
      "value": 32752323.734186526
    },
    {
      "type": "age_gender_forecast_opportunity",
      "message": "35ì„¸ ~ 44ì„¸ ë‚¨ì„± íƒ€ê²Ÿì´ í–¥í›„ 30ì¼ê°„ 29,094,326ì›ì˜ ì „í™˜ê°’ì´ ì˜ˆìƒë©ë‹ˆë‹¤.",
      "severity": "opportunity",
      "age_gender": "35ì„¸ ~ 44ì„¸_ë‚¨ì„±",
      "age": "35ì„¸ ~ 44ì„¸",
      "gender": "ë‚¨ì„±",
      "value": 29094325.770267606
    }
  ],
  "recommendations": [
    {
      "title": "ğŸ¯ ë‚¨ì„± íƒ€ê²ŸíŒ… ê°•í™”í•˜ê¸°",
      "description": "ë‚¨ì„± íƒ€ê²Ÿ ê´‘ê³ ì˜ ë¹„ì¤‘ì„ ë†’ì´ì„¸ìš”. í˜„ì¬ ROAS 893%ë¡œ ê°€ì¥ ë†’ìŠµë‹ˆë‹¤.",
      "action": "ë‚¨ì„± íƒ€ê²Ÿì˜ ë°˜ì‘ì´ ì¢‹ìŠµë‹ˆë‹¤. ê°„ê²°í•˜ê³  ì§ê´€ì ì¸ ë©”ì‹œì§€ë¡œ í•µì‹¬ ê°€ì¹˜ë¥¼ ì „ë‹¬í•˜ì„¸ìš”.",
      "priority": "high",
      "category": "íƒ€ê²ŸíŒ…",
      "score": 5,
      "expected_impact": "CPA 15-25% ì ˆê° ê°€ëŠ¥"
    },
    {
      "title": "ğŸ“± ì›¹ ê¸°ê¸°í”Œë«í¼ì´ íš¨ìì˜ˆìš”!",
      "description": "ì›¹ ê¸°ê¸°í”Œë«í¼ ê´‘ê³ ì— ì§‘ì¤‘í•˜ì„¸ìš”. ROAS 914%ë¡œ ê°€ì¥ íš¨ìœ¨ì ì…ë‹ˆë‹¤.",
      "action": "ì›¹ ê¸°ê¸°í”Œë«í¼ ê´‘ê³ ì— ì§‘ì¤‘í•˜ì„¸ìš”.",
      "priority": "medium",
      "category": "ê¸°ê¸°í”Œë«í¼",
      "score": 4,
      "expected_impact": "ì „í™˜ìœ¨ 10-15% ê°œì„  ì˜ˆìƒ"
    },
    {
      "title": "â­ 'ê¸°íƒ€' ë¸Œëœë“œê°€ ëŒ€ì„¸ì˜ˆìš”!",
      "description": "ê¸°íƒ€ ë¸Œëœë“œì˜ ROASê°€ 854%ë¡œ ê°€ì¥ ë†’ìŠµë‹ˆë‹¤.",
      "action": "í•´ë‹¹ ë¸Œëœë“œ ê´‘ê³  ë¹„ì¤‘ì„ í™•ëŒ€í•˜ì„¸ìš”.",
      "priority": "high",
      "category": "ë¸Œëœë“œ",
      "score": 5,
      "expected_impact": "ROAS 15-30% ê°œì„  ê°€ëŠ¥"
    },
    {
      "title": "ğŸš€ ë¼ì´ì§• ìŠ¤íƒ€: 'ê¸°íƒ€'",
      "description": "ê¸°íƒ€ ìƒí’ˆì˜ ROASê°€ 854%ë¡œ ê°€ì¥ íš¨ìœ¨ì ì…ë‹ˆë‹¤.",
      "action": "ì´ ìƒí’ˆì„ ë©”ì¸ ë°°ë„ˆ ê°€ì¥ ì˜ ë³´ì´ëŠ” ê³³ì— ë°°ì¹˜í•˜ì„¸ìš”.",
      "priority": "high",
      "category": "ìƒí’ˆ ì „ëµ",
      "score": 5,
      "expected_impact": "ë§¤ì¶œ 20-35% ì¦ê°€ ì˜ˆìƒ"
    },
    {
      "title": "ğŸ 'ê¸°íƒ€' í”„ë¡œëª¨ì…˜ ëŒ€ë°•!",
      "description": "ê¸°íƒ€ í”„ë¡œëª¨ì…˜ì˜ ROASê°€ 854%ì…ë‹ˆë‹¤.",
      "action": "ìœ ì‚¬í•œ í”„ë¡œëª¨ì…˜ì„ ê¸°íší•˜ì—¬ ì„±ê³µ íŒ¨í„´ì„ ë³µì œí•˜ì„¸ìš”.",
      "priority": "medium",
      "category": "í”„ë¡œëª¨ì…˜",
      "score": 4,
      "expected_impact": "ì „í™˜ìœ¨ 10-20% ê°œì„  ì˜ˆìƒ"
    },
    {
      "title": "íƒ€ê²Ÿ ì˜¤ë””ì–¸ìŠ¤ ìµœì í™” (ì˜ˆì¸¡ ê¸°ë°˜)",
      "description": "ì˜ˆì¸¡ ë¶„ì„ ê²°ê³¼, 35ì„¸ ~ 44ì„¸ ë‚¨ì„± íƒ€ê²Ÿì´ ê°€ì¥ ë†’ì€ ì „í™˜ì´ ì˜ˆìƒë©ë‹ˆë‹¤. í•´ë‹¹ íƒ€ê²Ÿ ê´‘ê³  ë¹„ì¤‘ì„ í™•ëŒ€í•˜ì„¸ìš”.",
      "priority": "medium",
      "expected_impact": "ì „í™˜ìœ¨ 15-25% ê°œì„  ì˜ˆìƒ",
      "based_on": "prophet_forecast"
    },
    {
      "title": "ê¸°ê¸°í”Œë«í¼ ì§‘ì¤‘ ì „ëµ (ì˜ˆì¸¡ ê¸°ë°˜)",
      "description": "ì•± ê¸°ê¸°í”Œë«í¼ì—ì„œ í–¥í›„ 30ì¼ê°„ 32,848,036ì›ì˜ ì „í™˜ì´ ì˜ˆìƒë©ë‹ˆë‹¤. í•´ë‹¹ ê¸°ê¸°í”Œë«í¼ ê´‘ê³ ì— ì§‘ì¤‘í•˜ì„¸ìš”.",
      "priority": "medium",
      "expected_impact": "ROAS 10-20% ê°œì„  ì˜ˆìƒ",
      "based_on": "prophet_forecast"
    },
    {
      "title": "ì—°ë ¹+ì„±ë³„ íƒ€ê²ŸíŒ… ìµœì í™” (ì˜ˆì¸¡ ê¸°ë°˜)",
      "description": "í–¥í›„ 30ì¼ ì˜ˆì¸¡ ë§¤ì¶œ ìƒìœ„ íƒ€ê²Ÿ: 35ì„¸ ~ 44ì„¸ ë‚¨ì„±, 25ì„¸ ~ 34ì„¸ ë‚¨ì„±, 19ì„¸ ~ 24ì„¸ ë‚¨ì„±. í•´ë‹¹ íƒ€ê²Ÿì— ê´‘ê³  ì˜ˆì‚°ì„ ì§‘ì¤‘ ë°°ë¶„í•˜ì„¸ìš”.",
      "priority": "high",
      "expected_impact": "ì˜ˆìƒ ì´ ë§¤ì¶œ: 55,014,370ì›",
      "based_on": "prophet_forecast"
    }
  ],
  "generated_at": "2026-01-11T23:43:56.571209",
  "filter_info": {
    "days": 0,
    "label": "ì „ì²´ ê¸°ê°„",
    "is_filtered": false
  },
  "overall": {
    "current_period": {
      "start_date": "2025-01-01",
      "end_date": "2025-12-29",
      "total_cost": 18256043.0,
      "total_cost_formatted": "1,826ë§Œ ì›",
      "total_conversions": 232.0,
      "total_revenue": 155875000.0,
      "total_revenue_formatted": "1.6ì–µ ì›",
      "overall_roas": 853.8268670817658,
      "overall_cpa": 78689.84051724138,
      "overall_cpa_formatted": "8ë§Œ ì›"
    },
    "trend": {
      "direction": "growing",
      "change_percent": 40.0
    }
  },
  "details": {
    "total_categories": 1,
    "paid_categories": 1,
    "top_roas_category": "êµ¬ë¶„í•„ìš”",
    "analysis_period_days": 361,
    "alerts_count": 7,
    "recommendations_count": 8,
    "top_recommendations_count": 5,
    "timeseries_insights_count": 4,
    "prophet_forecast_available": true
  },
  "retargeting_analysis": {
    "summary": {},
    "by_age_gender": [],
    "by_device": [],
    "by_platform": [],
    "by_device_platform": []
  },
  "retargeting_insights": [],
  "seasonality_analysis": {
    "overall": [
      {
        "day": "ì›”ìš”ì¼",
        "avg_revenue": 22035.68027930597,
        "avg_cost": 2801.6112991959376,
        "avg_impressions": 77.35886584849767,
        "avg_clicks": 2.1984765129073214,
        "avg_conversions": 0.0327972915785019,
        "avg_roas": 786.5359582762322,
        "avg_cpa": 85422.03225806452
      },
      {
        "day": "í™”ìš”ì¼",
        "avg_revenue": 25659.96593724195,
        "avg_cost": 2796.93951279934,
        "avg_impressions": 78.16886870355079,
        "avg_clicks": 2.3162675474814205,
        "avg_conversions": 0.0381915772089182,
        "avg_roas": 917.4301346102392,
        "avg_cpa": 73234.45945945947
      },
      {
        "day": "ìˆ˜ìš”ì¼",
        "avg_revenue": 28545.98445595855,
        "avg_cost": 2666.904663212435,
        "avg_impressions": 76.53782383419689,
        "avg_clicks": 2.329533678756477,
        "avg_conversions": 0.0424870466321243,
        "avg_roas": 1070.378887169267,
        "avg_cpa": 62769.82926829268
      },
      {
        "day": "ëª©ìš”ì¼",
        "avg_revenue": 27920.655938072927,
        "avg_cost": 2443.620900387044,
        "avg_impressions": 74.45508250152781,
        "avg_clicks": 2.0829089427581997,
        "avg_conversions": 0.0415563251171317,
        "avg_roas": 1142.593596807532,
        "avg_cpa": 58802.62254901961
      },
      {
        "day": "ê¸ˆìš”ì¼",
        "avg_revenue": 12557.1758803856,
        "avg_cost": 2469.4068463505805,
        "avg_impressions": 80.31280739720637,
        "avg_clicks": 2.067676568955341,
        "avg_conversions": 0.0186897501475506,
        "avg_roas": 508.509802625001,
        "avg_cpa": 132126.26315789472
      },
      {
        "day": "í† ìš”ì¼",
        "avg_revenue": 26164.42918630867,
        "avg_cost": 2452.9268292682927,
        "avg_impressions": 97.8622668579627,
        "avg_clicks": 2.2853043656486984,
        "avg_conversions": 0.0389424062307849,
        "avg_roas": 1066.6616253740235,
        "avg_cpa": 62988.57894736843
      },
      {
        "day": "ì¼ìš”ì¼",
        "avg_revenue": 18023.885678910443,
        "avg_cost": 3116.958522492778,
        "avg_impressions": 98.44634750309534,
        "avg_clicks": 2.6599257119273627,
        "avg_conversions": 0.0268262484523318,
        "avg_roas": 578.2523427516096,
        "avg_cpa": 116190.62307692308
      }
    ],
    "by_category": {
      "êµ¬ë¶„í•„ìš”": [
        {
          "day": "ì›”ìš”ì¼",
          "avg_revenue": 22035.68027930597,
          "avg_cost": 2801.6112991959376,
          "avg_impressions": 77.35886584849767,
          "avg_clicks": 2.1984765129073214,
          "avg_conversions": 0.0327972915785019,
          "avg_roas": 786.5359582762322,
          "avg_cpa": 85422.03225806452
        },
        {
          "day": "í™”ìš”ì¼",
          "avg_revenue": 25659.96593724195,
          "avg_cost": 2796.93951279934,
          "avg_impressions": 78.16886870355079,
          "avg_clicks": 2.3162675474814205,
          "avg_conversions": 0.0381915772089182,
          "avg_roas": 917.4301346102392,
          "avg_cpa": 73234.45945945947
        },
        {
          "day": "ìˆ˜ìš”ì¼",
          "avg_revenue": 28545.98445595855,
          "avg_cost": 2666.904663212435,
          "avg_impressions": 76.53782383419689,
          "avg_clicks": 2.329533678756477,
          "avg_conversions": 0.0424870466321243,
          "avg_roas": 1070.378887169267,
          "avg_cpa": 62769.82926829268
        },
        {
          "day": "ëª©ìš”ì¼",
          "avg_revenue": 27920.655938072927,
          "avg_cost": 2443.620900387044,
          "avg_impressions": 74.45508250152781,
          "avg_clicks": 2.0829089427581997,
          "avg_conversions": 0.0415563251171317,
          "avg_roas": 1142.593596807532,
          "avg_cpa": 58802.62254901961
        },
        {
          "day": "ê¸ˆìš”ì¼",
          "avg_revenue": 12557.1758803856,
          "avg_cost": 2469.4068463505805,
          "avg_impressions": 80.31280739720637,
          "avg_clicks": 2.067676568955341,
          "avg_conversions": 0.0186897501475506,
          "avg_roas": 508.509802625001,
          "avg_cpa": 132126.26315789472
        },
        {
          "day": "í† ìš”ì¼",
          "avg_revenue": 26164.42918630867,
          "avg_cost": 2452.9268292682927,
          "avg_impressions": 97.8622668579627,
          "avg_clicks": 2.2853043656486984,
          "avg_conversions": 0.0389424062307849,
          "avg_roas": 1066.6616253740235,
          "avg_cpa": 62988.57894736843
        },
        {
          "day": "ì¼ìš”ì¼",
          "avg_revenue": 18023.885678910443,
          "avg_cost": 3116.958522492778,
          "avg_impressions": 98.44634750309534,
          "avg_clicks": 2.6599257119273627,
          "avg_conversions": 0.0268262484523318,
          "avg_roas": 578.2523427516096,
          "avg_cpa": 116190.62307692308
        }
      ]
    },
    "quarterly": {},
    "quarterly_overall": [
      {
        "quarter": "Q1(1~3ì›”)",
        "avg_cost": 1254.4763845426098,
        "avg_impressions": 66.59558984062295,
        "avg_clicks": 2.3404410159377047,
        "avg_conversions": 0.0152827305145185,
        "avg_revenue": 10268.08456444218,
        "avg_roas": 818.5155727890399,
        "avg_cpa": 82084.57142857143
      },
      {
        "quarter": "Q2(4~6ì›”)",
        "avg_cost": 3690.186413335723,
        "avg_impressions": 103.12690446316545,
        "avg_clicks": 2.5873812511202723,
        "avg_conversions": 0.0466033339308119,
        "avg_revenue": 31311.614984764296,
        "avg_roas": 848.5103861314242,
        "avg_cpa": 79182.88461538461
      },
      {
        "quarter": "Q3(7~9ì›”)",
        "avg_cost": 3265.0942153116357,
        "avg_impressions": 86.07260508630912,
        "avg_clicks": 2.0720780076426406,
        "avg_conversions": 0.044142838318619,
        "avg_revenue": 29658.469495322177,
        "avg_roas": 908.3495770578076,
        "avg_cpa": 73966.56716417911
      },
      {
        "quarter": "Q4(10~12ì›”)",
        "avg_cost": 3980.679716784673,
        "avg_impressions": 96.92822435096488,
        "avg_clicks": 2.124809107316396,
        "avg_conversions": 0.0498403443009857,
        "avg_revenue": 33486.48132722477,
        "avg_roas": 841.2252105093478,
        "avg_cpa": 79868.62395543174
      }
    ],
    "monthly": {},
    "monthly_overall": [
      {
        "month": "10ì›”",
        "total_cost": 8924180.0,
        "total_impressions": 288655.0,
        "total_clicks": 7020.0,
        "total_conversions": 95.0,
        "total_revenue": 63828125.0,
        "roas": 715.2267771380676,
        "cpa": 93938.73684210528
      },
      {
        "month": "11ì›”",
        "total_cost": 9344595.0,
        "total_impressions": 268785.0,
        "total_clicks": 5405.0,
        "total_conversions": 115.0,
        "total_revenue": 77265625.0,
        "roas": 826.8483010767186,
        "cpa": 81257.34782608696
      },
      {
        "month": "12ì›”",
        "total_cost": 10404061.0,
        "total_impressions": 140734.0,
        "total_clicks": 2880.0,
        "total_conversions": 149.0,
        "total_revenue": 100109375.0,
        "roas": 962.214418004662,
        "cpa": 69825.91275167785
      },
      {
        "month": "1ì›”",
        "total_cost": 7257695.0,
        "total_impressions": 303470.0,
        "total_clicks": 10120.0,
        "total_conversions": 100.0,
        "total_revenue": 67187500.0,
        "roas": 925.7415749766284,
        "cpa": 72576.95
      },
      {
        "month": "2ì›”",
        "total_cost": 5027020.0,
        "total_impressions": 365630.0,
        "total_clicks": 12160.0,
        "total_conversions": 75.0,
        "total_revenue": 50390625.0,
        "roas": 1002.3955544238931,
        "cpa": 67026.93333333333
      },
      {
        "month": "3ì›”",
        "total_cost": 4953045.0,
        "total_impressions": 245990.0,
        "total_clicks": 9880.0,
        "total_conversions": 35.0,
        "total_revenue": 23515625.0,
        "roas": 474.77107516689233,
        "cpa": 141515.57142857142
      },
      {
        "month": "4ì›”",
        "total_cost": 11861360.0,
        "total_impressions": 382490.0,
        "total_clicks": 8120.0,
        "total_conversions": 100.0,
        "total_revenue": 67187500.0,
        "roas": 566.4401046760237,
        "cpa": 118613.6
      },
      {
        "month": "5ì›”",
        "total_cost": 3900435.0,
        "total_impressions": 119285.0,
        "total_clicks": 4560.0,
        "total_conversions": 55.0,
        "total_revenue": 36953125.0,
        "roas": 947.4103529478124,
        "cpa": 70917.0
      },
      {
        "month": "6ì›”",
        "total_cost": 4825755.0,
        "total_impressions": 73570.0,
        "total_clicks": 1755.0,
        "total_conversions": 105.0,
        "total_revenue": 70546875.0,
        "roas": 1461.8826484146005,
        "cpa": 45959.57142857143
      },
      {
        "month": "7ì›”",
        "total_cost": 6396705.0,
        "total_impressions": 99785.0,
        "total_clicks": 2460.0,
        "total_conversions": 90.0,
        "total_revenue": 60468750.0,
        "roas": 945.3109061618444,
        "cpa": 71074.5
      },
      {
        "month": "8ì›”",
        "total_cost": 9918275.0,
        "total_impressions": 354955.0,
        "total_clicks": 8015.0,
        "total_conversions": 135.0,
        "total_revenue": 90703125.0,
        "roas": 914.5050424595004,
        "cpa": 73468.70370370371
      },
      {
        "month": "9ì›”",
        "total_cost": 8463820.0,
        "total_impressions": 198465.0,
        "total_clicks": 5250.0,
        "total_conversions": 110.0,
        "total_revenue": 73906250.0,
        "roas": 873.2020529737163,
        "cpa": 76943.81818181818
      }
    ],
    "daily": [
      {
        "date": "2025-12-30",
        "cost": 362221.5451456619,
        "impressions": 7034.409235038044,
        "clicks": 172.2869551666876,
        "conversions": 6.92826271902423,
        "revenue": 4654926.514344404,
        "roas": 1285.1048140917446,
        "cpa": 52281.72773400211
      },
      {
        "date": "2025-12-31",
        "cost": 340318.4295781729,
        "impressions": 6533.803836573133,
        "clicks": 162.07337737468524,
        "conversions": 7.657086610010734,
        "revenue": 5144605.0661009615,
        "roas": 1511.7033398625329,
        "cpa": 44444.89750621952
      },
      {
        "date": "2026-01-01",
        "cost": 323811.220479127,
        "impressions": 6475.897752202288,
        "clicks": 143.18572018133935,
        "conversions": 7.812602184214898,
        "revenue": 5249092.092519385,
        "roas": 1621.034652459717,
        "cpa": 41447.294108149625
      },
      {
        "date": "2026-01-02",
        "cost": 334781.70444515656,
        "impressions": 7304.212005062411,
        "clicks": 149.3069513767655,
        "conversions": 8.09977578308498,
        "revenue": 5442036.85426022,
        "roas": 1625.5478665656074,
        "cpa": 41332.21874416473
      },
      {
        "date": "2026-01-03",
        "cost": 323810.023655783,
        "impressions": 8637.363283986215,
        "clicks": 162.25090276136572,
        "conversions": 6.498640320842738,
        "revenue": 4366273.965566214,
        "roas": 1348.4060549674823,
        "cpa": 49827.34967147583
      },
      {
        "date": "2026-01-04",
        "cost": 384420.4763656855,
        "impressions": 8643.872171982144,
        "clicks": 196.349554329343,
        "conversions": 8.156868678463468,
        "revenue": 5480396.143342642,
        "roas": 1425.6254492878095,
        "cpa": 47128.437580547135
      },
      {
        "date": "2026-01-05",
        "cost": 353075.0329538295,
        "impressions": 6722.473962206481,
        "clicks": 155.66557703702705,
        "conversions": 6.718332268448865,
        "revenue": 4513879.492864082,
        "roas": 1278.4476588732196,
        "cpa": 52553.97006962084
      },
      {
        "date": "2026-01-06",
        "cost": 366569.0601491225,
        "impressions": 7059.835115675929,
        "clicks": 172.39079574049103,
        "conversions": 6.937596025228229,
        "revenue": 4661197.329450217,
        "roas": 1271.574127820284,
        "cpa": 52838.05208837643
      },
      {
        "date": "2026-01-07",
        "cost": 344665.94458164147,
        "impressions": 6559.22971721191,
        "clicks": 162.17721794853782,
        "conversions": 7.666419916223053,
        "revenue": 5150875.881212364,
        "roas": 1494.454547131003,
        "cpa": 44957.87451614638
      },
      {
        "date": "2026-01-08",
        "cost": 328158.73548265925,
        "impressions": 6501.323632842573,
        "clicks": 143.28956075523243,
        "conversions": 7.821935490428884,
        "revenue": 5255362.907631907,
        "roas": 1601.4697581956077,
        "cpa": 41953.64892541015
      },
      {
        "date": "2026-01-09",
        "cost": 339129.219448533,
        "impressions": 7329.637885700701,
        "clicks": 149.41079195056483,
        "conversions": 8.109109089297469,
        "revenue": 5448307.669371736,
        "roas": 1606.5580188670776,
        "cpa": 41820.77410897347
      },
      {
        "date": "2026-01-10",
        "cost": 328157.5386592401,
        "impressions": 8662.789164625097,
        "clicks": 162.35474333521935,
        "conversions": 6.50797362705817,
        "revenue": 4372544.780679707,
        "roas": 1332.4529427374125,
        "cpa": 50423.919558441536
      },
      {
        "date": "2026-01-11",
        "cost": 388767.9913691533,
        "impressions": 8669.298052618937,
        "clicks": 196.45339490317315,
        "conversions": 8.166201984678175,
        "revenue": 5486666.958455648,
        "roas": 1411.295960640392,
        "cpa": 47606.95266888803
      },
      {
        "date": "2026-01-12",
        "cost": 357422.54795721645,
        "impressions": 6747.899842844739,
        "clicks": 155.76941761083094,
        "conversions": 6.727665574660553,
        "revenue": 4520150.307975059,
        "roas": 1264.651694138816,
        "cpa": 53127.27631757325
      },
      {
        "date": "2026-01-13",
        "cost": 370916.5751525356,
        "impressions": 7085.26099631465,
        "clicks": 172.4946363143221,
        "conversions": 6.946929331446954,
        "revenue": 4667468.144565923,
        "roas": 1258.3606280324557,
        "cpa": 53392.8815820095
      },
      {
        "date": "2026-01-14",
        "cost": 349013.45958497934,
        "impressions": 6584.655597849208,
        "clicks": 162.2810585223053,
        "conversions": 7.675753222439976,
        "revenue": 5157146.696326859,
        "roas": 1477.6354764252794,
        "cpa": 45469.60402070282
      },
      {
        "date": "2026-01-15",
        "cost": 332506.2504859413,
        "impressions": 6526.749513478841,
        "clicks": 143.39340132895083,
        "conversions": 7.831268796646892,
        "revenue": 5261633.722747131,
        "roas": 1582.4164854217074,
        "cpa": 42458.79679526646
      },
      {
        "date": "2026-01-16",
        "cost": 343476.7344520992,
        "impressions": 7355.063766343271,
        "clicks": 149.51463252450876,
        "conversions": 8.118442395514824,
        "revenue": 5454578.484486523,
        "roas": 1588.048894545203,
        "cpa": 42308.20614578221
      },
      {
        "date": "2026-01-17",
        "cost": 332505.05366258323,
        "impressions": 8688.215045260762,
        "clicks": 162.45858390895012,
        "conversions": 6.517306933272877,
        "revenue": 4378815.5957927145,
        "roas": 1316.9170054889491,
        "cpa": 51018.78077354952
      },
      {
        "date": "2026-01-18",
        "cost": 393115.5063726086,
        "impressions": 8694.723933256919,
        "clicks": 196.5572354770084,
        "conversions": 8.175535290892213,
        "revenue": 5492937.773568206,
        "roas": 1397.2834153130066,
        "cpa": 48084.37519810486
      },
      {
        "date": "2026-01-19",
        "cost": 361770.0629606034,
        "impressions": 6773.325723482999,
        "clicks": 155.87325818463486,
        "conversions": 6.736998880875811,
        "revenue": 4526421.123088435,
        "roas": 1251.1873110908462,
        "cpa": 53698.99407101775
      },
      {
        "date": "2026-01-20",
        "cost": 375264.09015605896,
        "impressions": 7110.686876954028,
        "clicks": 172.59847688821918,
        "conversions": 6.956262637665679,
        "revenue": 4673738.959681628,
        "roas": 1245.453290704684,
        "cpa": 53946.22223205574
      },
      {
        "date": "2026-01-21",
        "cost": 353360.9745884479,
        "impressions": 6610.081478487982,
        "clicks": 162.38489909615788,
        "conversions": 7.685086528652085,
        "revenue": 5163417.511438119,
        "roas": 1461.230266712911,
        "cpa": 45980.09056515141
      },
      {
        "date": "2026-01-22",
        "cost": 336853.76548953494,
        "impressions": 6552.175394119042,
        "clicks": 143.49724190292912,
        "conversions": 7.840602102860879,
        "revenue": 5267904.537859653,
        "roas": 1563.855024806992,
        "cpa": 42962.74202801641
      },
      {
        "date": "2026-01-23",
        "cost": 347824.2494554757,
        "impressions": 7380.48964698156,
        "clicks": 149.61847309830804,
        "conversions": 8.127775701730743,
        "revenue": 5460849.299600342,
        "roas": 1570.0024676684811,
        "cpa": 42794.51872440444
      },
      {
        "date": "2026-01-24",
        "cost": 336852.56866604026,
        "impressions": 8713.640925899645,
        "clicks": 162.56242448280378,
        "conversions": 6.526640239488309,
        "revenue": 4385086.410906208,
        "roas": 1301.7820906847933,
        "cpa": 51611.94064719119
      },
      {
        "date": "2026-01-25",
        "cost": 397463.0213760764,
        "impressions": 8720.14981389371,
        "clicks": 196.66107605083863,
        "conversions": 8.18486859710692,
        "revenue": 5499208.588681213,
        "roas": 1383.577412973446,
        "cpa": 48560.70890576868
      },
      {
        "date": "2026-01-26",
        "cost": 366117.5779640584,
        "impressions": 6798.751604120964,
        "clicks": 155.9770987584726,
        "conversions": 6.7463321870875,
        "revenue": 4532691.938199414,
        "roas": 1238.0426974867582,
        "cpa": 54269.12992289478
      },
      {
        "date": "2026-01-27",
        "cost": 379611.6051593618,
        "impressions": 7136.112757592092,
        "clicks": 172.7023174619843,
        "conversions": 6.965595943879749,
        "revenue": 4680009.774794207,
        "roas": 1232.8415968288243,
        "cpa": 54498.0800232755
      },
      {
        "date": "2026-01-28",
        "cost": 357708.4895919604,
        "impressions": 6635.507359128295,
        "clicks": 162.48873967005386,
        "conversions": 7.694419834873821,
        "revenue": 5169688.326555849,
        "roas": 1445.223828054217,
        "cpa": 46489.338672514255
      }
    ]
  },
  "seasonality_insights": [
    {
      "type": "best_day_overall",
      "message": "ì „ì²´ ê¸°ì¤€ ëª©ìš”ì¼ì´ í‰ê·  ROAS 1142.6%ë¡œ ê´‘ê³  íš¨ìœ¨ì´ ê°€ì¥ ë†’ìŠµë‹ˆë‹¤.",
      "severity": "opportunity",
      "day": "ëª©ìš”ì¼",
      "value": 1142.593596807532,
      "avg_roas": 1142.593596807532,
      "avg_cost": 2443.620900387044,
      "avg_revenue": 27920.655938072927,
      "avg_conversions": 0.0415563251171317,
      "avg_cpa": 58802.62254901961
    },
    {
      "type": "worst_day_overall",
      "message": "ì „ì²´ ê¸°ì¤€ ê¸ˆìš”ì¼ì´ í‰ê·  ROAS 508.5%ë¡œ ê´‘ê³  íš¨ìœ¨ì´ ê°€ì¥ ë‚®ìŠµë‹ˆë‹¤. í•´ë‹¹ ìš”ì¼ ì˜ˆì‚° ì¬ê²€í† ë¥¼ ê¶Œì¥í•©ë‹ˆë‹¤.",
      "severity": "warning",
      "day": "ê¸ˆìš”ì¼",
      "value": 508.509802625001,
      "avg_roas": 508.509802625001,
      "avg_cost": 2469.4068463505805,
      "avg_revenue": 12557.1758803856,
      "avg_conversions": 0.0186897501475506,
      "avg_cpa": 132126.26315789472
    },
    {
      "type": "best_cpa_day",
      "message": "ëª©ìš”ì¼ì´ í‰ê·  CPA 58,803ì›ìœ¼ë¡œ ì „í™˜ ë¹„ìš©ì´ ê°€ì¥ ë‚®ìŠµë‹ˆë‹¤.",
      "severity": "opportunity",
      "day": "ëª©ìš”ì¼",
      "value": 58802.62254901961,
      "avg_cpa": 58802.62254901961,
      "avg_conversions": 0.0415563251171317,
      "avg_roas": 1142.593596807532
    },
    {
      "type": "worst_cpa_day",
      "message": "ê¸ˆìš”ì¼ì´ í‰ê·  CPA 132,126ì›ìœ¼ë¡œ ì „í™˜ ë¹„ìš©ì´ ê°€ì¥ ë†’ìŠµë‹ˆë‹¤.",
      "severity": "warning",
      "day": "ê¸ˆìš”ì¼",
      "value": 132126.26315789472,
      "avg_cpa": 132126.26315789472,
      "avg_conversions": 0.0186897501475506,
      "avg_roas": 508.509802625001
    },
    {
      "type": "weekday_better",
      "message": "ì£¼ì¤‘ í‰ê·  ROASê°€ ì£¼ë§ë³´ë‹¤ 7.6% ë†’ìŠµë‹ˆë‹¤. ì£¼ì¤‘ ì§‘ì¤‘ ìš´ì˜ì„ ê¶Œì¥í•©ë‹ˆë‹¤. (ì£¼ì¤‘ 885.1% vs ì£¼ë§ 822.5%)",
      "severity": "info",
      "weekday_avg_roas": 885.0896758976544,
      "weekend_avg_roas": 822.4569840628166,
      "weekday_avg_revenue": 23343.892498193,
      "weekend_avg_revenue": 22094.157432609558,
      "weekday_avg_cost": 2635.6966443890674,
      "weekend_avg_cost": 2784.9426758805353,
      "weekday_avg_cpa": 82471.0413385462,
      "weekend_avg_cpa": 89589.60101214575,
      "weekday_avg_conversions": 0.034744398136845336,
      "weekend_avg_conversions": 0.03288432734155835,
      "diff_percent": 7.615315213865842
    },
    {
      "type": "best_day_êµ¬ë¶„í•„ìš”",
      "message": "êµ¬ë¶„í•„ìš”ì—ì„œ ëª©ìš”ì¼ì´ í‰ê·  ROAS 1142.6%ë¡œ ìµœê³ ì…ë‹ˆë‹¤.",
      "severity": "info",
      "category": "êµ¬ë¶„í•„ìš”",
      "day": "ëª©ìš”ì¼",
      "value": 1142.593596807532,
      "avg_roas": 1142.593596807532,
      "avg_cost": 2443.620900387044,
      "avg_revenue": 27920.655938072927,
      "avg_cpa": 58802.62254901961,
      "avg_conversions": 0.0415563251171317
    },
    {
      "type": "best_quarter",
      "message": "Q3(7~9ì›”)ì´ í‰ê·  ROAS 908.3%ë¡œ ê°€ì¥ íš¨ìœ¨ì ì¸ ë¶„ê¸°ì…ë‹ˆë‹¤.",
      "severity": "opportunity",
      "quarter": "Q3(7~9ì›”)",
      "avg_roas": 908.3495770578076,
      "avg_revenue": 29658.469495322177,
      "avg_cost": 3265.0942153116357
    },
    {
      "type": "worst_quarter",
      "message": "Q1(1~3ì›”)ì´ í‰ê·  ROAS 818.5%ë¡œ íš¨ìœ¨ì´ ê°€ì¥ ë‚®ìŠµë‹ˆë‹¤. ì‹œì¦Œë³„ ì „ëµ ê²€í† ê°€ í•„ìš”í•©ë‹ˆë‹¤.",
      "severity": "warning",
      "quarter": "Q1(1~3ì›”)",
      "avg_roas": 818.5155727890399,
      "avg_revenue": 10268.08456444218,
      "avg_cost": 1254.4763845426098
    },
    {
      "type": "best_revenue_quarter",
      "message": "Q4(10~12ì›”)ì— í‰ê·  ì „í™˜ê°’ì´ 33,486ì›ìœ¼ë¡œ ê°€ì¥ ë†’ìŠµë‹ˆë‹¤. ì´ ì‹œê¸°ì— ì˜ˆì‚°ì„ ì§‘ì¤‘í•˜ëŠ” ê²ƒì„ ê¶Œì¥í•©ë‹ˆë‹¤.",
      "severity": "opportunity",
      "quarter": "Q4(10~12ì›”)",
      "avg_revenue": 33486.48132722477
    },
    {
      "type": "monthly_trend_down",
      "message": "9ì›”ì˜ ROASê°€ ì „ì›” ëŒ€ë¹„ 41.3%p í•˜ë½í–ˆìŠµë‹ˆë‹¤. ì›ì¸ ë¶„ì„ì´ í•„ìš”í•©ë‹ˆë‹¤.",
      "severity": "warning",
      "current_month": "9ì›”",
      "prev_month": "8ì›”",
      "roas_change": -41.30298948578411,
      "current_roas": 873.2020529737163,
      "prev_roas": 914.5050424595004
    }
  ]
}