{
  "summary": {
    "total_cost": 22896831.0,
    "total_conversions": 352.0,
    "total_revenue": 40550020.0,
    "overall_roas": 177.0988308382064,
    "overall_cpa": 65047.81534090909,
    "analysis_period": {
      "start_date": "2024-11-01",
      "end_date": "2025-12-03",
      "total_days": 360
    }
  },
  "summary_card": {
    "title": "ë§ˆì¼€íŒ… ì¢…í•© ì§„ë‹¨",
    "total_roas": "177.1%",
    "total_roas_formatted": "ROAS 177%",
    "total_revenue_formatted": "4,055ë§Œ ì›",
    "total_cost_formatted": "2,290ë§Œ ì›",
    "message": "ê¸°ë³¸ì ì¸ ì„±ê³¼ëŠ” ë‚˜ì˜¤ê³  ìˆì–´ìš”. ğŸ§ íƒ€ê²ŸíŒ…ê³¼ ì†Œì¬ë¥¼ ì ê²€í•´ë³´ì„¸ìš”."
  },
  "top_recommendations": [
    {
      "source": "alert",
      "title": "ğŸ¯ 'ë©”íƒ€_íŠ¸ë˜í”½' íŠ¸ë˜í”½ ìº í˜ì¸ì´ íš¨ìœ¨ì ì´ì—ìš”!",
      "message": "ë©”íƒ€_íŠ¸ë˜í”½ì˜ CPCê°€ 105ì›ìœ¼ë¡œ ë§¤ìš° ìš°ìˆ˜í•©ë‹ˆë‹¤.",
      "action": "í˜„ì¬ ì „ëµì„ ìœ ì§€í•˜ë©´ì„œ ì˜ˆì‚° í™•ëŒ€ë¥¼ ê³ ë ¤í•˜ì„¸ìš”.",
      "category": "íŠ¸ë˜í”½ ìµœì í™”",
      "score": 5,
      "severity": "opportunity"
    },
    {
      "source": "recommendation",
      "title": "ğŸ’° ì˜ˆì‚° ì¬ë°°ë¶„ìœ¼ë¡œ íš¨ìœ¨ UP!",
      "message": "ë©”íƒ€_ì „í™˜ (ROAS 222%)ì˜ ì˜ˆì‚°ì„ ëŠ˜ë¦¬ê³ , ë©”íƒ€_íŠ¸ë˜í”½ì˜ ì˜ˆì‚°ì„ ìœ ì§€í•˜ì„¸ìš”.",
      "action": "ë©”íƒ€_ì „í™˜ì— ì˜ˆì‚° 30% ì¦ì•¡ì„ ê¶Œì¥í•©ë‹ˆë‹¤.",
      "category": "ì˜ˆì‚° ì „ëµ",
      "score": 5,
      "priority": "high",
      "expected_impact": "ROAS 10-20% ê°œì„  ì˜ˆìƒ"
    },
    {
      "source": "recommendation",
      "title": "ğŸ¯ ë‚¨ì„± íƒ€ê²ŸíŒ… ê°•í™”í•˜ê¸°",
      "message": "ë‚¨ì„± íƒ€ê²Ÿ ê´‘ê³ ì˜ ë¹„ì¤‘ì„ ë†’ì´ì„¸ìš”. í˜„ì¬ ROAS 265%ë¡œ ê°€ì¥ ë†’ìŠµë‹ˆë‹¤.",
      "action": "ë‚¨ì„± íƒ€ê²Ÿì˜ ë°˜ì‘ì´ ì¢‹ìŠµë‹ˆë‹¤. ê°„ê²°í•˜ê³  ì§ê´€ì ì¸ ë©”ì‹œì§€ë¡œ í•µì‹¬ ê°€ì¹˜ë¥¼ ì „ë‹¬í•˜ì„¸ìš”.",
      "category": "íƒ€ê²ŸíŒ…",
      "score": 5,
      "priority": "high",
      "expected_impact": "CPA 15-25% ì ˆê° ê°€ëŠ¥"
    },
    {
      "source": "recommendation",
      "title": "â­ 'ê¹Œë¥´ë²µ' ë¸Œëœë“œê°€ ëŒ€ì„¸ì˜ˆìš”!",
      "message": "ê¹Œë¥´ë²µ ë¸Œëœë“œì˜ ROASê°€ 400%ë¡œ ê°€ì¥ ë†’ìŠµë‹ˆë‹¤.",
      "action": "í•´ë‹¹ ë¸Œëœë“œ ê´‘ê³  ë¹„ì¤‘ì„ í™•ëŒ€í•˜ì„¸ìš”.",
      "category": "ë¸Œëœë“œ",
      "score": 5,
      "priority": "high",
      "expected_impact": "ROAS 15-30% ê°œì„  ê°€ëŠ¥"
    },
    {
      "source": "recommendation",
      "title": "ğŸš€ ë¼ì´ì§• ìŠ¤íƒ€: 'ì‹œê³„'",
      "message": "ì‹œê³„ ìƒí’ˆì˜ ROASê°€ 318%ë¡œ ê°€ì¥ íš¨ìœ¨ì ì…ë‹ˆë‹¤.",
      "action": "ì´ ìƒí’ˆì„ ë©”ì¸ ë°°ë„ˆ ê°€ì¥ ì˜ ë³´ì´ëŠ” ê³³ì— ë°°ì¹˜í•˜ì„¸ìš”.",
      "category": "ìƒí’ˆ ì „ëµ",
      "score": 5,
      "priority": "high",
      "expected_impact": "ë§¤ì¶œ 20-35% ì¦ê°€ ì˜ˆìƒ"
    }
  ],
  "top_categories": [
    {
      "name": "ë©”íƒ€_ì „í™˜",
      "cost": 18206085.0,
      "conversions": 351.0,
      "revenue": 40484620.0,
      "roas": 222.36862016188545,
      "cpa": 51869.18803418803
    },
    {
      "name": "ë©”íƒ€_íŠ¸ë˜í”½",
      "cost": 4289975.0,
      "conversions": 1.0,
      "revenue": 65400.0,
      "roas": 1.5244844084172986,
      "cpa": 4289975.0
    },
    {
      "name": "ë©”íƒ€_ì¸ì§€",
      "cost": 77985.0,
      "conversions": 0.0,
      "revenue": 0.0,
      "roas": 0.0,
      "cpa": 0.0
    },
    {
      "name": "ë©”íƒ€_ë„ë‹¬",
      "cost": 322786.0,
      "conversions": 0.0,
      "revenue": 0.0,
      "roas": 0.0,
      "cpa": 0.0
    }
  ],
  "top_conversion_categories": [
    {
      "name": "ë©”íƒ€_ì „í™˜",
      "campaign_type": "ì „í™˜",
      "cost": 18206085.0,
      "clicks": 37282.0,
      "conversions": 351.0,
      "revenue": 40484620.0,
      "roas": 222.36862016188545,
      "cpa": 51869.18803418803,
      "cpc": 488.3344509414731,
      "ctr": 3.466158423205653
    }
  ],
  "top_traffic_categories": [
    {
      "name": "ë©”íƒ€_íŠ¸ë˜í”½",
      "campaign_type": "íŠ¸ë˜í”½",
      "cost": 4289975.0,
      "clicks": 40668.0,
      "conversions": 1.0,
      "revenue": 65400.0,
      "roas": 1.5244844084172986,
      "cpa": 4289975.0,
      "cpc": 105.48772991049474,
      "ctr": 7.4769447998941
    },
    {
      "name": "ë©”íƒ€_ì¸ì§€",
      "campaign_type": "íŠ¸ë˜í”½",
      "cost": 77985.0,
      "clicks": 22.0,
      "conversions": 0.0,
      "revenue": 0.0,
      "roas": 0.0,
      "cpa": 0.0,
      "cpc": 3544.7727272727275,
      "ctr": 0.03644918652042811
    },
    {
      "name": "ë©”íƒ€_ë„ë‹¬",
      "campaign_type": "íŠ¸ë˜í”½",
      "cost": 322786.0,
      "clicks": 72.0,
      "conversions": 0.0,
      "revenue": 0.0,
      "roas": 0.0,
      "cpa": 0.0,
      "cpc": 4483.138888888889,
      "ctr": 0.3467039052342659
    }
  ],
  "gender_performance": [
    {
      "gender": "ë‚¨ì„±",
      "cost": 1910950.0,
      "conversions": 55.0,
      "revenue": 5066400.0,
      "roas": 265.1246762081687,
      "performance_level": "ì–‘í˜¸"
    },
    {
      "gender": "ì—¬ì„±",
      "cost": 20456780.0,
      "conversions": 293.0,
      "revenue": 35127670.0,
      "roas": 171.71651648011076,
      "performance_level": "ê°œì„  í•„ìš”"
    }
  ],
  "top_adsets": [
    {
      "campaign": "250218_ASC_ì‹ í•™ê¸°ì„¸ì¼",
      "adset": "1.ìì‚¬ëª°_ì‹ í•™ê¸°ì„¸ì¼",
      "category": "ë©”íƒ€_ì „í™˜",
      "cost": 23830.0,
      "conversions": 11.0,
      "revenue": 1400800.0,
      "roas": 5878.304657994125
    },
    {
      "campaign": "[íŒë§¤] ìì‚¬ëª° ì„¤ì—°íœ´ ì„¸ì¼_25.01",
      "adset": "ìì‚¬ëª°_ì„¤ì—°íœ´ ì„¸ì¼_25.01",
      "category": "ë©”íƒ€_ì „í™˜",
      "cost": 8347.0,
      "conversions": 4.0,
      "revenue": 250800.0,
      "roas": 3004.6723373667182
    },
    {
      "campaign": "ì¹´íƒˆë¡œê·¸-êµ¬ë§¤-25S/S-ì‹ ê·œ",
      "adset": "25S/S-í´ë¦¬ì–´ëŸ°ìŠ¤-1865",
      "category": "ë©”íƒ€_ì „í™˜",
      "cost": 66011.0,
      "conversions": 4.0,
      "revenue": 441500.0,
      "roas": 668.8279226189575
    },
    {
      "campaign": "[íŒë§¤] ë¸”ë™í”„ë¼ì´ë°ì´",
      "adset": "4ì£¼ì°¨-pink-ìƒì„¸í˜ì´ì§€ëœë”©",
      "category": "ë©”íƒ€_ì „í™˜",
      "cost": 80539.0,
      "conversions": 3.0,
      "revenue": 414700.0,
      "roas": 514.9058220241125
    },
    {
      "campaign": "[íŒë§¤] ë¸”ë™í”„ë¼ì´ë°ì´",
      "adset": "ìœ„ì¦ˆìœ„ë“œ_ë¸”í”„_ì‹œê³„",
      "category": "ë©”íƒ€_ì „í™˜",
      "cost": 79938.0,
      "conversions": 3.0,
      "revenue": 408800.0,
      "roas": 511.39633215742197
    },
    {
      "campaign": "ì¹´íƒˆë¡œê·¸-êµ¬ë§¤-ê¹Œë¥´ë²µì—¬ì„±",
      "adset": "ê¹Œë¥´ë²µì—¬ì„±-í´ë¦¬ì–´ëŸ°ìŠ¤-1865",
      "category": "ë©”íƒ€_ì „í™˜",
      "cost": 263399.0,
      "conversions": 10.0,
      "revenue": 1199700.0,
      "roas": 455.4686995774471
    },
    {
      "campaign": "[ASC] ë©”ì¢…246_24.07 ìº í˜ì¸",
      "adset": "ì‹œê³„-[ASC] ë©”ì¢…246_24.07 ê´‘ê³  ì„¸íŠ¸",
      "category": "ë©”íƒ€_ì „í™˜",
      "cost": 1522932.0,
      "conversions": 51.0,
      "revenue": 6665950.0,
      "roas": 437.705032135381
    },
    {
      "campaign": "250207_íŒë§¤_ë°œë Œíƒ€ì¸íŠ¹ê°€",
      "adset": "1.ìì‚¬ëª°_ë°œë Œíƒ€ì¸íŠ¹ê°€",
      "category": "ë©”íƒ€_ì „í™˜",
      "cost": 186176.0,
      "conversions": 6.0,
      "revenue": 748800.0,
      "roas": 402.2000687521485
    },
    {
      "campaign": "250220_ASC_ë©”ì¢…ìì‚¬ëª°",
      "adset": "ê°€ë°©-2.ìì‚¬ëª°_ì‹ í•™ê¸°_2ì£¼ì°¨",
      "category": "ë©”íƒ€_ì „í™˜",
      "cost": 167821.0,
      "conversions": 2.0,
      "revenue": 631600.0,
      "roas": 376.35337651426227
    },
    {
      "campaign": "250220_ASC_ë©”ì¢…ìì‚¬ëª°",
      "adset": "ê°€ë°©_7.ìì‚¬ëª°_5ì›”, ê²°ì œì™„ë£Œíƒ€ê²Ÿ ì œì™¸",
      "category": "ë©”íƒ€_ì „í™˜",
      "cost": 1596356.0,
      "conversions": 39.0,
      "revenue": 5854300.0,
      "roas": 366.72897524111164
    }
  ],
  "age_gender_combinations": [
    {
      "adset": "1.ìì‚¬ëª°_ì‹ í•™ê¸°ì„¸ì¼",
      "age": "25ì„¸ ~ 34ì„¸",
      "gender": "ë‚¨ì„±",
      "roas": 23978.089695309824,
      "conversions": 11.0,
      "recommendation": "25ì„¸ ~ 34ì„¸ ë‚¨ì„± íƒ€ê²ŸíŒ…ì´ íš¨ê³¼ì ì…ë‹ˆë‹¤"
    },
    {
      "adset": "ìœ„ì¦ˆìœ„ë“œ_ë¸”í”„_ì‹œê³„",
      "age": "25ì„¸ ~ 34ì„¸",
      "gender": "ë‚¨ì„±",
      "roas": 11165.398478173809,
      "conversions": 2.0,
      "recommendation": "25ì„¸ ~ 34ì„¸ ë‚¨ì„± íƒ€ê²ŸíŒ…ì´ íš¨ê³¼ì ì…ë‹ˆë‹¤"
    },
    {
      "adset": "2.ì‹ ê·œíŒë§¤ ì œí’ˆ_êµ¬ë§¤ê³ ê°ì œì™¸(30ì¼)",
      "age": "55ì„¸ ~ 64ì„¸",
      "gender": "ë‚¨ì„±",
      "roas": 7035.775127768314,
      "conversions": 1.0,
      "recommendation": "55ì„¸ ~ 64ì„¸ ë‚¨ì„± íƒ€ê²ŸíŒ…ì´ íš¨ê³¼ì ì…ë‹ˆë‹¤"
    },
    {
      "adset": "4ì£¼ì°¨-pink-ìƒì„¸í˜ì´ì§€ëœë”©",
      "age": "25ì„¸ ~ 34ì„¸",
      "gender": "ë‚¨ì„±",
      "roas": 4580.435790449699,
      "conversions": 1.0,
      "recommendation": "25ì„¸ ~ 34ì„¸ ë‚¨ì„± íƒ€ê²ŸíŒ…ì´ íš¨ê³¼ì ì…ë‹ˆë‹¤"
    },
    {
      "adset": "ê¹Œë¥´ë²µì—¬ì„±-í´ë¦¬ì–´ëŸ°ìŠ¤-1865",
      "age": "19ì„¸ ~ 24ì„¸",
      "gender": "ë‚¨ì„±",
      "roas": 4448.871181938911,
      "conversions": 1.0,
      "recommendation": "19ì„¸ ~ 24ì„¸ ë‚¨ì„± íƒ€ê²ŸíŒ…ì´ íš¨ê³¼ì ì…ë‹ˆë‹¤"
    }
  ],
  "device_performance": [
    {
      "device": "ì•ˆë“œë¡œì´ë“œ",
      "cost": 11015252.0,
      "conversions": 198.0,
      "revenue": 21446970.0,
      "roas": 194.70249069199687
    },
    {
      "device": "ì• í”Œ",
      "cost": 11805638.0,
      "conversions": 151.0,
      "revenue": 18833450.0,
      "roas": 159.5292859225397
    },
    {
      "device": "ì›¹",
      "cost": 73243.0,
      "conversions": 3.0,
      "revenue": 269600.0,
      "roas": 368.08978332400363
    }
  ],
  "deviceplatform_performance": [
    {
      "deviceplatform": "ì•±",
      "cost": 22802889.0,
      "conversions": 349.0,
      "revenue": 40280420.0,
      "roas": 176.64612584835194
    },
    {
      "deviceplatform": "ì›¹",
      "cost": 73238.0,
      "conversions": 3.0,
      "revenue": 269600.0,
      "roas": 368.1149130232939
    }
  ],
  "brand_performance": [
    {
      "brand": "ê¹Œë¥´ë²µ",
      "cost": 326535.0,
      "conversions": 11.0,
      "revenue": 1304700.0,
      "roas": 399.5590059258579
    },
    {
      "brand": "ë©”ì¢…",
      "cost": 2247749.0,
      "conversions": 54.0,
      "revenue": 7156850.0,
      "roas": 318.40076449817127
    },
    {
      "brand": "ê¸°íƒ€",
      "cost": 19933039.0,
      "conversions": 285.0,
      "revenue": 31959870.0,
      "roas": 160.33616349218
    },
    {
      "brand": "íˆ¬í¬ì‹ìŠ¤",
      "cost": 389508.0,
      "conversions": 2.0,
      "revenue": 128600.0,
      "roas": 33.01600994074576
    }
  ],
  "product_performance": [
    {
      "product": "ì‹œê³„",
      "cost": 6587463.0,
      "conversions": 169.0,
      "revenue": 20978620.0,
      "roas": 318.4628133774717
    },
    {
      "product": "ê°€ë°©",
      "cost": 6145696.0,
      "conversions": 81.0,
      "revenue": 10585900.0,
      "roas": 172.2490015776895
    },
    {
      "product": "ë³¼ìº¡",
      "cost": 1365145.0,
      "conversions": 32.0,
      "revenue": 1412050.0,
      "roas": 103.43589875068216
    },
    {
      "product": "ê¸°íƒ€",
      "cost": 8604005.0,
      "conversions": 70.0,
      "revenue": 7573450.0,
      "roas": 88.0223802752323
    }
  ],
  "promotion_performance": [
    {
      "promotion": "ê¸°íƒ€",
      "cost": 22896831.0,
      "conversions": 352.0,
      "revenue": 40550020.0,
      "roas": 177.0988308382064
    }
  ],
  "timeseries": {
    "monthly_trend": [
      {
        "month": "2024-11",
        "cost": 1765610.0,
        "clicks": 3674.0,
        "conversions": 20.0,
        "revenue": 2582250.0,
        "roas": 146.2525699333375,
        "cpa": 88280.5
      },
      {
        "month": "2024-12",
        "cost": 1649871.0,
        "clicks": 10876.0,
        "conversions": 8.0,
        "revenue": 957500.0,
        "roas": 58.03484029963555,
        "cpa": 206233.875
      },
      {
        "month": "2025-01",
        "cost": 949920.0,
        "clicks": 5884.0,
        "conversions": 23.0,
        "revenue": 2642500.0,
        "roas": 278.1813205322553,
        "cpa": 41300.86956521739
      },
      {
        "month": "2025-02",
        "cost": 1440493.0,
        "clicks": 8060.0,
        "conversions": 33.0,
        "revenue": 4739700.0,
        "roas": 329.0331851664673,
        "cpa": 43651.30303030303
      },
      {
        "month": "2025-03",
        "cost": 1475447.0,
        "clicks": 6176.0,
        "conversions": 51.0,
        "revenue": 4382050.0,
        "roas": 296.9981300582129,
        "cpa": 28930.333333333332
      },
      {
        "month": "2025-04",
        "cost": 1685466.0,
        "clicks": 5383.0,
        "conversions": 21.0,
        "revenue": 1634050.0,
        "roas": 96.94944899511471,
        "cpa": 80260.28571428571
      },
      {
        "month": "2025-05",
        "cost": 2878884.0,
        "clicks": 8756.0,
        "conversions": 66.0,
        "revenue": 8687570.0,
        "roas": 301.7686714713062,
        "cpa": 43619.454545454544
      },
      {
        "month": "2025-06",
        "cost": 2747461.0,
        "clicks": 7787.0,
        "conversions": 29.0,
        "revenue": 3160900.0,
        "roas": 115.04803889845934,
        "cpa": 94740.03448275862
      },
      {
        "month": "2025-07",
        "cost": 1577825.0,
        "clicks": 6666.0,
        "conversions": 12.0,
        "revenue": 1242250.0,
        "roas": 78.73179852011472,
        "cpa": 131485.41666666666
      },
      {
        "month": "2025-08",
        "cost": 2157276.0,
        "clicks": 5870.0,
        "conversions": 24.0,
        "revenue": 2815000.0,
        "roas": 130.48863474121995,
        "cpa": 89886.5
      },
      {
        "month": "2025-09",
        "cost": 1606036.0,
        "clicks": 3743.0,
        "conversions": 33.0,
        "revenue": 4221950.0,
        "roas": 262.8801595979168,
        "cpa": 48667.757575757576
      },
      {
        "month": "2025-10",
        "cost": 1089904.0,
        "clicks": 1912.0,
        "conversions": 4.0,
        "revenue": 584900.0,
        "roas": 53.665276941822405,
        "cpa": 272476.0
      },
      {
        "month": "2025-11",
        "cost": 1703627.0,
        "clicks": 2878.0,
        "conversions": 23.0,
        "revenue": 2446100.0,
        "roas": 143.58189908941335,
        "cpa": 74070.73913043478
      },
      {
        "month": "2025-12",
        "cost": 169011.0,
        "clicks": 379.0,
        "conversions": 5.0,
        "revenue": 453300.0,
        "roas": 268.20739478495483,
        "cpa": 33802.2
      }
    ],
    "monthly_growth": [
      {
        "month": "2024-12",
        "prev_month": "2024-11",
        "revenue_growth_pct": -62.91993416594056,
        "cost_growth_pct": -6.555184893606175,
        "roas_change": -88.21772963370195,
        "trend": "í•˜ë½"
      },
      {
        "month": "2025-01",
        "prev_month": "2024-12",
        "revenue_growth_pct": 175.97911227154046,
        "cost_growth_pct": -42.42458955882005,
        "roas_change": 220.14648023261975,
        "trend": "ìƒìŠ¹"
      },
      {
        "month": "2025-02",
        "prev_month": "2025-01",
        "revenue_growth_pct": 79.36423841059602,
        "cost_growth_pct": 51.64361209364999,
        "roas_change": 50.851864634212006,
        "trend": "ìƒìŠ¹"
      },
      {
        "month": "2025-03",
        "prev_month": "2025-02",
        "revenue_growth_pct": -7.545836234360824,
        "cost_growth_pct": 2.4265303614804097,
        "roas_change": -32.035055108254426,
        "trend": "ìœ ì§€"
      },
      {
        "month": "2025-04",
        "prev_month": "2025-03",
        "revenue_growth_pct": -62.710375280975796,
        "cost_growth_pct": 14.234262565852926,
        "roas_change": -200.04868106309817,
        "trend": "í•˜ë½"
      },
      {
        "month": "2025-05",
        "prev_month": "2025-04",
        "revenue_growth_pct": 431.6587619717879,
        "cost_growth_pct": 70.80641199525829,
        "roas_change": 204.8192224761915,
        "trend": "ìƒìŠ¹"
      },
      {
        "month": "2025-06",
        "prev_month": "2025-05",
        "revenue_growth_pct": -63.615832735736234,
        "cost_growth_pct": -4.565067574796345,
        "roas_change": -186.72063257284688,
        "trend": "í•˜ë½"
      },
      {
        "month": "2025-07",
        "prev_month": "2025-06",
        "revenue_growth_pct": -60.69948432408492,
        "cost_growth_pct": -42.57152330824714,
        "roas_change": -36.31624037834462,
        "trend": "í•˜ë½"
      },
      {
        "month": "2025-08",
        "prev_month": "2025-07",
        "revenue_growth_pct": 126.60495069430469,
        "cost_growth_pct": 36.724668451824506,
        "roas_change": 51.75683622110523,
        "trend": "ìƒìŠ¹"
      },
      {
        "month": "2025-09",
        "prev_month": "2025-08",
        "revenue_growth_pct": 49.98046181172292,
        "cost_growth_pct": -25.552595031882802,
        "roas_change": 132.39152485669686,
        "trend": "ìƒìŠ¹"
      },
      {
        "month": "2025-10",
        "prev_month": "2025-09",
        "revenue_growth_pct": -86.14621205840903,
        "cost_growth_pct": -32.1370131180123,
        "roas_change": -209.2148826560944,
        "trend": "í•˜ë½"
      },
      {
        "month": "2025-11",
        "prev_month": "2025-10",
        "revenue_growth_pct": 318.20824072491024,
        "cost_growth_pct": 56.309821782468916,
        "roas_change": 89.91662214759094,
        "trend": "ìƒìŠ¹"
      },
      {
        "month": "2025-12",
        "prev_month": "2025-11",
        "revenue_growth_pct": -81.46845999754711,
        "cost_growth_pct": -90.07934248518015,
        "roas_change": 124.62549569554147,
        "trend": "í•˜ë½"
      }
    ],
    "weekly_trend": [
      {
        "week": "2025-09-08/2025-09-14",
        "cost": 500831.0,
        "clicks": 926.0,
        "conversions": 12.0,
        "revenue": 1633100.0,
        "roas": 326.07805826716,
        "cpa": 41735.916666666664
      },
      {
        "week": "2025-09-15/2025-09-21",
        "cost": 0.0,
        "clicks": 0.0,
        "conversions": 2.0,
        "revenue": 204400.0,
        "roas": 0.0,
        "cpa": 0.0
      },
      {
        "week": "2025-09-22/2025-09-28",
        "cost": 500488.0,
        "clicks": 1088.0,
        "conversions": 9.0,
        "revenue": 989900.0,
        "roas": 197.78695992711116,
        "cpa": 55609.77777777778
      },
      {
        "week": "2025-09-29/2025-10-05",
        "cost": 501769.0,
        "clicks": 973.0,
        "conversions": 2.0,
        "revenue": 171000.0,
        "roas": 34.07942698731887,
        "cpa": 250884.5
      },
      {
        "week": "2025-10-06/2025-10-12",
        "cost": 0.0,
        "clicks": 0.0,
        "conversions": 0.0,
        "revenue": 0.0,
        "roas": 0.0,
        "cpa": 0.0
      },
      {
        "week": "2025-10-20/2025-10-26",
        "cost": 502770.0,
        "clicks": 808.0,
        "conversions": 2.0,
        "revenue": 462000.0,
        "roas": 91.89092427949161,
        "cpa": 251385.0
      },
      {
        "week": "2025-10-27/2025-11-02",
        "cost": 284507.0,
        "clicks": 393.0,
        "conversions": 1.0,
        "revenue": 78600.0,
        "roas": 27.626736776248034,
        "cpa": 284507.0
      },
      {
        "week": "2025-11-03/2025-11-09",
        "cost": 501224.0,
        "clicks": 670.0,
        "conversions": 8.0,
        "revenue": 778400.0,
        "roas": 155.29982602588862,
        "cpa": 62653.0
      },
      {
        "week": "2025-11-10/2025-11-16",
        "cost": 0.0,
        "clicks": 0.0,
        "conversions": 1.0,
        "revenue": 66600.0,
        "roas": 0.0,
        "cpa": 0.0
      },
      {
        "week": "2025-11-17/2025-11-23",
        "cost": 576265.0,
        "clicks": 1041.0,
        "conversions": 6.0,
        "revenue": 705300.0,
        "roas": 122.39160802755677,
        "cpa": 96044.16666666667
      },
      {
        "week": "2025-11-24/2025-11-30",
        "cost": 426996.0,
        "clicks": 905.0,
        "conversions": 8.0,
        "revenue": 895800.0,
        "roas": 209.79119242334826,
        "cpa": 53374.5
      },
      {
        "week": "2025-12-01/2025-12-07",
        "cost": 169011.0,
        "clicks": 379.0,
        "conversions": 5.0,
        "revenue": 453300.0,
        "roas": 268.20739478495483,
        "cpa": 33802.2
      }
    ],
    "weekly_growth": [
      {
        "week": "2024-11-04/2024-11-10",
        "prev_week": "2024-10-28/2024-11-03",
        "revenue_growth_pct": 0.0,
        "cost_growth_pct": 437.79443146535596,
        "roas_change": 68.73466163928877,
        "trend": "ìœ ì§€"
      },
      {
        "week": "2024-11-11/2024-11-17",
        "prev_week": "2024-11-04/2024-11-10",
        "revenue_growth_pct": 20.451436388508892,
        "cost_growth_pct": -10.06873466163929,
        "roas_change": 23.3266330948679,
        "trend": "ìƒìŠ¹"
      },
      {
        "week": "2024-11-18/2024-11-24",
        "prev_week": "2024-11-11/2024-11-17",
        "revenue_growth_pct": -5.281090289608177,
        "cost_growth_pct": -16.150719134111508,
        "roas_change": 11.934176350363956,
        "trend": "ìœ ì§€"
      },
      {
        "week": "2024-11-25/2024-12-01",
        "prev_week": "2024-11-18/2024-11-24",
        "revenue_growth_pct": 257.19424460431657,
        "cost_growth_pct": -22.531853289074988,
        "roas_change": 375.5123694078965,
        "trend": "ìƒìŠ¹"
      },
      {
        "week": "2024-12-02/2024-12-08",
        "prev_week": "2024-11-25/2024-12-01",
        "revenue_growth_pct": -100.0,
        "cost_growth_pct": -30.530758359597076,
        "roas_change": -479.5078404924171,
        "trend": "í•˜ë½"
      },
      {
        "week": "2024-12-09/2024-12-15",
        "prev_week": "2024-12-02/2024-12-08",
        "revenue_growth_pct": 0.0,
        "cost_growth_pct": 125.04437122612875,
        "roas_change": 77.32224121244569,
        "trend": "ìœ ì§€"
      },
      {
        "week": "2024-12-16/2024-12-22",
        "prev_week": "2024-12-09/2024-12-15",
        "revenue_growth_pct": -42.2103861517976,
        "cost_growth_pct": -28.074459979820027,
        "roas_change": -15.196569854384236,
        "trend": "í•˜ë½"
      },
      {
        "week": "2024-12-23/2024-12-29",
        "prev_week": "2024-12-16/2024-12-22",
        "revenue_growth_pct": 8.294930875576037,
        "cost_growth_pct": 38.587771835598865,
        "roas_change": -13.579575290501815,
        "trend": "ìœ ì§€"
      },
      {
        "week": "2024-12-30/2025-01-05",
        "prev_week": "2024-12-23/2024-12-29",
        "revenue_growth_pct": 6.425531914893617,
        "cost_growth_pct": -70.52673547128964,
        "roas_change": 126.74986042035329,
        "trend": "ìœ ì§€"
      },
      {
        "week": "2025-01-06/2025-01-12",
        "prev_week": "2024-12-30/2025-01-05",
        "revenue_growth_pct": 18.592562974810075,
        "cost_growth_pct": 43.589887364813244,
        "roas_change": -30.516981167700465,
        "trend": "ìƒìŠ¹"
      },
      {
        "week": "2025-01-13/2025-01-19",
        "prev_week": "2025-01-06/2025-01-12",
        "revenue_growth_pct": 166.09912339851653,
        "cost_growth_pct": -14.52475788815995,
        "roas_change": 305.9428649155278,
        "trend": "ìƒìŠ¹"
      },
      {
        "week": "2025-01-20/2025-01-26",
        "prev_week": "2025-01-13/2025-01-19",
        "revenue_growth_pct": -17.541970224897057,
        "cost_growth_pct": 25.238709824793844,
        "roas_change": -153.9634739571212,
        "trend": "í•˜ë½"
      },
      {
        "week": "2025-01-27/2025-02-02",
        "prev_week": "2025-01-20/2025-01-26",
        "revenue_growth_pct": 42.70897357098955,
        "cost_growth_pct": 33.60601542158566,
        "roas_change": 20.218992237705038,
        "trend": "ìƒìŠ¹"
      },
      {
        "week": "2025-02-03/2025-02-09",
        "prev_week": "2025-01-27/2025-02-02",
        "revenue_growth_pct": 9.125168236877524,
        "cost_growth_pct": -14.138470044573074,
        "roas_change": 85.88300972229956,
        "trend": "ìœ ì§€"
      },
      {
        "week": "2025-02-10/2025-02-16",
        "prev_week": "2025-02-03/2025-02-09",
        "revenue_growth_pct": 3.3053774050320675,
        "cost_growth_pct": 162.6558177250612,
        "roas_change": -244.41102284477793,
        "trend": "ìœ ì§€"
      },
      {
        "week": "2025-02-17/2025-02-23",
        "prev_week": "2025-02-10/2025-02-16",
        "revenue_growth_pct": 69.4937917860554,
        "cost_growth_pct": -50.0214141187901,
        "roas_change": 378.90440088168043,
        "trend": "ìƒìŠ¹"
      },
      {
        "week": "2025-02-24/2025-03-02",
        "prev_week": "2025-02-17/2025-02-23",
        "revenue_growth_pct": -64.40888087456328,
        "cost_growth_pct": -21.4438845958189,
        "roas_change": -293.8969371169863,
        "trend": "í•˜ë½"
      },
      {
        "week": "2025-03-03/2025-03-09",
        "prev_week": "2025-02-24/2025-03-02",
        "revenue_growth_pct": 250.5858138062065,
        "cost_growth_pct": 35.069190147631346,
        "roas_change": 388.46008819028003,
        "trend": "ìƒìŠ¹"
      },
      {
        "week": "2025-03-10/2025-03-16",
        "prev_week": "2025-03-03/2025-03-09",
        "revenue_growth_pct": -63.50991283927201,
        "cost_growth_pct": 0.7656744955908792,
        "roas_change": -403.08200115999716,
        "trend": "í•˜ë½"
      },
      {
        "week": "2025-03-17/2025-03-23",
        "prev_week": "2025-03-10/2025-03-16",
        "revenue_growth_pct": -15.532178217821782,
        "cost_growth_pct": -11.073003429691328,
        "roas_change": -11.474747141863418,
        "trend": "í•˜ë½"
      },
      {
        "week": "2025-03-24/2025-03-30",
        "prev_week": "2025-03-17/2025-03-23",
        "revenue_growth_pct": -20.659340659340657,
        "cost_growth_pct": 7.154254048631348,
        "roas_change": -56.41929146847281,
        "trend": "í•˜ë½"
      },
      {
        "week": "2025-03-31/2025-04-06",
        "prev_week": "2025-03-24/2025-03-30",
        "revenue_growth_pct": -10.018467220683288,
        "cost_growth_pct": 7.382177323239978,
        "roas_change": -26.079510819448956,
        "trend": "í•˜ë½"
      },
      {
        "week": "2025-04-07/2025-04-13",
        "prev_week": "2025-03-31/2025-04-06",
        "revenue_growth_pct": 6.7727039507439715,
        "cost_growth_pct": 11.81327273683424,
        "roas_change": -6.079581415380261,
        "trend": "ìœ ì§€"
      },
      {
        "week": "2025-04-14/2025-04-20",
        "prev_week": "2025-04-07/2025-04-13",
        "revenue_growth_pct": -44.968765016818836,
        "cost_growth_pct": 3.0528890187089397,
        "roas_change": -60.01106267185668,
        "trend": "í•˜ë½"
      },
      {
        "week": "2025-04-21/2025-04-27",
        "prev_week": "2025-04-14/2025-04-20",
        "revenue_growth_pct": -13.377575969263011,
        "cost_growth_pct": -1.9687204998186454,
        "roas_change": -8.003516952089292,
        "trend": "í•˜ë½"
      },
      {
        "week": "2025-04-28/2025-05-04",
        "prev_week": "2025-04-21/2025-04-27",
        "revenue_growth_pct": 302.05645161290323,
        "cost_growth_pct": -18.391874839199733,
        "roas_change": 238.61279656549678,
        "trend": "ìƒìŠ¹"
      },
      {
        "week": "2025-05-05/2025-05-11",
        "prev_week": "2025-04-28/2025-05-04",
        "revenue_growth_pct": 64.90823387824692,
        "cost_growth_pct": 87.0582936752188,
        "roas_change": -35.45036351687969,
        "trend": "ìƒìŠ¹"
      },
      {
        "week": "2025-05-12/2025-05-18",
        "prev_week": "2025-05-05/2025-05-11",
        "revenue_growth_pct": 6.243994404913946,
        "cost_growth_pct": 17.163370556029065,
        "roas_change": -24.597677337846875,
        "trend": "ìœ ì§€"
      },
      {
        "week": "2025-05-19/2025-05-25",
        "prev_week": "2025-05-12/2025-05-18",
        "revenue_growth_pct": 93.82130202579323,
        "cost_growth_pct": -0.392226167773613,
        "roas_change": 226.370952226689,
        "trend": "ìƒìŠ¹"
      },
      {
        "week": "2025-05-26/2025-06-01",
        "prev_week": "2025-05-19/2025-05-25",
        "revenue_growth_pct": -57.78499704666273,
        "cost_growth_pct": -1.4463472031006515,
        "roas_change": -266.2212055290803,
        "trend": "í•˜ë½"
      },
      {
        "week": "2025-06-02/2025-06-08",
        "prev_week": "2025-05-26/2025-06-01",
        "revenue_growth_pct": -34.51797957184833,
        "cost_growth_pct": 4.2761427213745735,
        "roas_change": -74.21368687541029,
        "trend": "í•˜ë½"
      },
      {
        "week": "2025-06-09/2025-06-15",
        "prev_week": "2025-06-02/2025-06-08",
        "revenue_growth_pct": -33.995726495726494,
        "cost_growth_pct": -1.1204526778711934,
        "roas_change": -41.64885411925482,
        "trend": "í•˜ë½"
      },
      {
        "week": "2025-06-16/2025-06-22",
        "prev_week": "2025-06-09/2025-06-15",
        "revenue_growth_pct": 62.91680155390094,
        "cost_growth_pct": -26.776263964722414,
        "roas_change": 102.42659072785291,
        "trend": "ìƒìŠ¹"
      },
      {
        "week": "2025-06-23/2025-06-29",
        "prev_week": "2025-06-16/2025-06-22",
        "revenue_growth_pct": -73.06507699950323,
        "cost_growth_pct": -7.284711901751583,
        "roas_change": -131.99717988717197,
        "trend": "í•˜ë½"
      },
      {
        "week": "2025-06-30/2025-07-06",
        "prev_week": "2025-06-23/2025-06-29",
        "revenue_growth_pct": 39.9668019181114,
        "cost_growth_pct": 16.977347852611516,
        "roas_change": 10.622114996296524,
        "trend": "ìƒìŠ¹"
      },
      {
        "week": "2025-07-07/2025-07-13",
        "prev_week": "2025-06-30/2025-07-06",
        "revenue_growth_pct": -17.775728027408093,
        "cost_growth_pct": -4.167419410916553,
        "roas_change": -9.183291014472445,
        "trend": "í•˜ë½"
      },
      {
        "week": "2025-07-14/2025-07-20",
        "prev_week": "2025-07-07/2025-07-13",
        "revenue_growth_pct": 89.77564102564102,
        "cost_growth_pct": -6.1297551085738675,
        "roas_change": 56.690374602613076,
        "trend": "ìƒìŠ¹"
      },
      {
        "week": "2025-07-21/2025-07-27",
        "prev_week": "2025-07-14/2025-07-20",
        "revenue_growth_pct": -100.0,
        "cost_growth_pct": -100.0,
        "roas_change": -112.1777565585433,
        "trend": "í•˜ë½"
      },
      {
        "week": "2025-08-04/2025-08-10",
        "prev_week": "2025-07-21/2025-07-27",
        "revenue_growth_pct": 0.0,
        "cost_growth_pct": 0.0,
        "roas_change": 0.0,
        "trend": "ìœ ì§€"
      },
      {
        "week": "2025-08-11/2025-08-17",
        "prev_week": "2025-08-04/2025-08-10",
        "revenue_growth_pct": 0.0,
        "cost_growth_pct": 308.7814305558352,
        "roas_change": 131.57419537003292,
        "trend": "ìœ ì§€"
      },
      {
        "week": "2025-08-18/2025-08-24",
        "prev_week": "2025-08-11/2025-08-17",
        "revenue_growth_pct": -44.9906425452277,
        "cost_growth_pct": 2.974085711190127,
        "roas_change": -61.286492449960676,
        "trend": "í•˜ë½"
      },
      {
        "week": "2025-08-25/2025-08-31",
        "prev_week": "2025-08-18/2025-08-24",
        "revenue_growth_pct": 256.6795191653436,
        "cost_growth_pct": 23.041900015782453,
        "roas_change": 133.4655232374575,
        "trend": "ìƒìŠ¹"
      },
      {
        "week": "2025-09-01/2025-09-07",
        "prev_week": "2025-08-25/2025-08-31",
        "revenue_growth_pct": -19.378735851456184,
        "cost_growth_pct": -21.650108315971682,
        "roas_change": 5.906829703310962,
        "trend": "í•˜ë½"
      },
      {
        "week": "2025-09-08/2025-09-14",
        "prev_week": "2025-09-01/2025-09-07",
        "revenue_growth_pct": 28.808613006270456,
        "cost_growth_pct": -17.1792755950304,
        "roas_change": 116.41800240631926,
        "trend": "ìƒìŠ¹"
      },
      {
        "week": "2025-09-15/2025-09-21",
        "prev_week": "2025-09-08/2025-09-14",
        "revenue_growth_pct": -87.48392627518217,
        "cost_growth_pct": -100.0,
        "roas_change": -326.07805826716,
        "trend": "í•˜ë½"
      },
      {
        "week": "2025-09-22/2025-09-28",
        "prev_week": "2025-09-15/2025-09-21",
        "revenue_growth_pct": 384.29549902152644,
        "cost_growth_pct": 0.0,
        "roas_change": 197.78695992711116,
        "trend": "ìƒìŠ¹"
      },
      {
        "week": "2025-09-29/2025-10-05",
        "prev_week": "2025-09-22/2025-09-28",
        "revenue_growth_pct": -82.72552783109404,
        "cost_growth_pct": 0.2559501926120107,
        "roas_change": -163.7075329397923,
        "trend": "í•˜ë½"
      },
      {
        "week": "2025-10-06/2025-10-12",
        "prev_week": "2025-09-29/2025-10-05",
        "revenue_growth_pct": -100.0,
        "cost_growth_pct": -100.0,
        "roas_change": -34.07942698731887,
        "trend": "í•˜ë½"
      },
      {
        "week": "2025-10-20/2025-10-26",
        "prev_week": "2025-10-06/2025-10-12",
        "revenue_growth_pct": 0.0,
        "cost_growth_pct": 0.0,
        "roas_change": 91.89092427949161,
        "trend": "ìœ ì§€"
      },
      {
        "week": "2025-10-27/2025-11-02",
        "prev_week": "2025-10-20/2025-10-26",
        "revenue_growth_pct": -82.98701298701299,
        "cost_growth_pct": -43.41209698271575,
        "roas_change": -64.26418750324358,
        "trend": "í•˜ë½"
      },
      {
        "week": "2025-11-03/2025-11-09",
        "prev_week": "2025-10-27/2025-11-02",
        "revenue_growth_pct": 890.3307888040713,
        "cost_growth_pct": 76.17281824348787,
        "roas_change": 127.67308924964058,
        "trend": "ìƒìŠ¹"
      },
      {
        "week": "2025-11-10/2025-11-16",
        "prev_week": "2025-11-03/2025-11-09",
        "revenue_growth_pct": -91.44398766700925,
        "cost_growth_pct": -100.0,
        "roas_change": -155.29982602588862,
        "trend": "í•˜ë½"
      },
      {
        "week": "2025-11-17/2025-11-23",
        "prev_week": "2025-11-10/2025-11-16",
        "revenue_growth_pct": 959.009009009009,
        "cost_growth_pct": 0.0,
        "roas_change": 122.39160802755677,
        "trend": "ìƒìŠ¹"
      },
      {
        "week": "2025-11-24/2025-11-30",
        "prev_week": "2025-11-17/2025-11-23",
        "revenue_growth_pct": 27.009783071033606,
        "cost_growth_pct": -25.902839839310037,
        "roas_change": 87.39958439579149,
        "trend": "ìƒìŠ¹"
      },
      {
        "week": "2025-12-01/2025-12-07",
        "prev_week": "2025-11-24/2025-11-30",
        "revenue_growth_pct": -49.39718687206966,
        "cost_growth_pct": -60.41859876907512,
        "roas_change": 58.416202361606565,
        "trend": "í•˜ë½"
      }
    ],
    "brand_monthly_trend": [
      {
        "brand": "ê¸°íƒ€",
        "months_data": [
          {
            "ì›”": "2024-11",
            "ë¹„ìš©": 1424925,
            "ì „í™˜ìˆ˜": 9,
            "ì „í™˜ê°’": 1039000,
            "ROAS": 72.91611839219608
          },
          {
            "ì›”": "2024-12",
            "ë¹„ìš©": 1215157,
            "ì „í™˜ìˆ˜": 0,
            "ì „í™˜ê°’": 0,
            "ROAS": 0.0
          },
          {
            "ì›”": "2025-01",
            "ë¹„ìš©": 375844,
            "ì „í™˜ìˆ˜": 4,
            "ì „í™˜ê°’": 250800,
            "ROAS": 66.72981343323293
          },
          {
            "ì›”": "2025-02",
            "ë¹„ìš©": 1081230,
            "ì „í™˜ìˆ˜": 20,
            "ì „í™˜ê°’": 2966200,
            "ROAS": 274.33571025591226
          },
          {
            "ì›”": "2025-03",
            "ë¹„ìš©": 1475447,
            "ì „í™˜ìˆ˜": 51,
            "ì „í™˜ê°’": 4382050,
            "ROAS": 296.9981300582129
          },
          {
            "ì›”": "2025-04",
            "ë¹„ìš©": 1685466,
            "ì „í™˜ìˆ˜": 21,
            "ì „í™˜ê°’": 1634050,
            "ROAS": 96.94944899511471
          },
          {
            "ì›”": "2025-05",
            "ë¹„ìš©": 2878884,
            "ì „í™˜ìˆ˜": 66,
            "ì „í™˜ê°’": 8687570,
            "ROAS": 301.7686714713062
          },
          {
            "ì›”": "2025-06",
            "ë¹„ìš©": 2519758,
            "ì „í™˜ìˆ˜": 27,
            "ì „í™˜ê°’": 2735400,
            "ROAS": 108.55804406613652
          },
          {
            "ì›”": "2025-07",
            "ë¹„ìš©": 1018884,
            "ì „í™˜ìˆ˜": 11,
            "ì „í™˜ê°’": 1176850,
            "ROAS": 115.5038257544529
          },
          {
            "ì›”": "2025-08",
            "ë¹„ìš©": 2157276,
            "ì „í™˜ìˆ˜": 24,
            "ì „í™˜ê°’": 2815000,
            "ROAS": 130.48863474121995
          },
          {
            "ì›”": "2025-09",
            "ë¹„ìš©": 1606036,
            "ì „í™˜ìˆ˜": 33,
            "ì „í™˜ê°’": 4221950,
            "ROAS": 262.8801595979168
          },
          {
            "ì›”": "2025-10",
            "ë¹„ìš©": 1089904,
            "ì „í™˜ìˆ˜": 4,
            "ì „í™˜ê°’": 584900,
            "ROAS": 53.665276941822405
          },
          {
            "ì›”": "2025-11",
            "ë¹„ìš©": 1284402,
            "ì „í™˜ìˆ˜": 13,
            "ì „í™˜ê°’": 1309600,
            "ROAS": 101.96184683611517
          },
          {
            "ì›”": "2025-12",
            "ë¹„ìš©": 119826,
            "ì „í™˜ìˆ˜": 2,
            "ì „í™˜ê°’": 156500,
            "ROAS": 130.60604543254385
          }
        ],
        "total_growth_pct": -84.93743984600577,
        "trend": "í•˜ë½"
      },
      {
        "brand": "ê¹Œë¥´ë²µ",
        "months_data": [
          {
            "ì›”": "2025-11",
            "ë¹„ìš©": 284663,
            "ì „í™˜ìˆ˜": 8,
            "ì „í™˜ê°’": 1007900,
            "ROAS": 354.0677924422914
          },
          {
            "ì›”": "2025-12",
            "ë¹„ìš©": 41872,
            "ì „í™˜ìˆ˜": 3,
            "ì „í™˜ê°’": 296800,
            "ROAS": 708.8269010317157
          }
        ],
        "total_growth_pct": -70.55263418989979,
        "trend": "í•˜ë½"
      },
      {
        "brand": "ë©”ì¢…",
        "months_data": [
          {
            "ì›”": "2024-11",
            "ë¹„ìš©": 278210,
            "ì „í™˜ìˆ˜": 11,
            "ì „í™˜ê°’": 1543250,
            "ROAS": 554.7068761007872
          },
          {
            "ì›”": "2024-12",
            "ë¹„ìš©": 311383,
            "ì „í™˜ìˆ˜": 8,
            "ì „í™˜ê°’": 957500,
            "ROAS": 307.4991248719423
          },
          {
            "ì›”": "2025-01",
            "ë¹„ìš©": 574076,
            "ì „í™˜ìˆ˜": 19,
            "ì „í™˜ê°’": 2391700,
            "ROAS": 416.617311993534
          },
          {
            "ì›”": "2025-02",
            "ë¹„ìš©": 359263,
            "ì „í™˜ìˆ˜": 13,
            "ì „í™˜ê°’": 1773500,
            "ROAS": 493.6494991134628
          },
          {
            "ì›”": "2025-06",
            "ë¹„ìš©": 227703,
            "ì „í™˜ìˆ˜": 2,
            "ì „í™˜ê°’": 425500,
            "ROAS": 186.8662248630892
          },
          {
            "ì›”": "2025-07",
            "ë¹„ìš©": 497114,
            "ì „í™˜ìˆ˜": 1,
            "ì „í™˜ê°’": 65400,
            "ROAS": 13.155936062955378
          }
        ],
        "total_growth_pct": -95.76219018305524,
        "trend": "í•˜ë½"
      },
      {
        "brand": "íˆ¬í¬ì‹ìŠ¤",
        "months_data": [
          {
            "ì›”": "2024-11",
            "ë¹„ìš©": 62475,
            "ì „í™˜ìˆ˜": 0,
            "ì „í™˜ê°’": 0,
            "ROAS": 0.0
          },
          {
            "ì›”": "2024-12",
            "ë¹„ìš©": 123331,
            "ì „í™˜ìˆ˜": 0,
            "ì „í™˜ê°’": 0,
            "ROAS": 0.0
          },
          {
            "ì›”": "2025-07",
            "ë¹„ìš©": 61827,
            "ì „í™˜ìˆ˜": 0,
            "ì „í™˜ê°’": 0,
            "ROAS": 0.0
          },
          {
            "ì›”": "2025-11",
            "ë¹„ìš©": 134562,
            "ì „í™˜ìˆ˜": 2,
            "ì „í™˜ê°’": 128600,
            "ROAS": 95.5693286366136
          },
          {
            "ì›”": "2025-12",
            "ë¹„ìš©": 7313,
            "ì „í™˜ìˆ˜": 0,
            "ì „í™˜ê°’": 0,
            "ROAS": 0.0
          }
        ],
        "total_growth_pct": 0.0,
        "trend": "ì•ˆì •"
      }
    ],
    "brand_weekly_trend": [
      {
        "brand": "ê¸°íƒ€",
        "weeks_data": [
          {
            "ì£¼": "2025-10-06/2025-10-12",
            "ë¹„ìš©": 0,
            "ì „í™˜ìˆ˜": 0,
            "ì „í™˜ê°’": 0,
            "ROAS": 0.0
          },
          {
            "ì£¼": "2025-10-20/2025-10-26",
            "ë¹„ìš©": 502770,
            "ì „í™˜ìˆ˜": 2,
            "ì „í™˜ê°’": 462000,
            "ROAS": 91.89092427949161
          },
          {
            "ì£¼": "2025-10-27/2025-11-02",
            "ë¹„ìš©": 238865,
            "ì „í™˜ìˆ˜": 1,
            "ì „í™˜ê°’": 78600,
            "ROAS": 32.905616143009645
          },
          {
            "ì£¼": "2025-11-03/2025-11-09",
            "ë¹„ìš©": 404582,
            "ì „í™˜ìˆ˜": 3,
            "ì „í™˜ê°’": 287100,
            "ROAS": 70.96212881443068
          },
          {
            "ì£¼": "2025-11-10/2025-11-16",
            "ë¹„ìš©": 0,
            "ì „í™˜ìˆ˜": 1,
            "ì „í™˜ê°’": 66600,
            "ROAS": 0.0
          },
          {
            "ì£¼": "2025-11-17/2025-11-23",
            "ë¹„ìš©": 450474,
            "ì „í™˜ìˆ˜": 5,
            "ì „í™˜ê°’": 588300,
            "ROAS": 130.59577245301614
          },
          {
            "ì£¼": "2025-11-24/2025-11-30",
            "ë¹„ìš©": 275846,
            "ì „í™˜ìˆ˜": 4,
            "ì „í™˜ê°’": 367600,
            "ROAS": 133.2627625559189
          },
          {
            "ì£¼": "2025-12-01/2025-12-07",
            "ë¹„ìš©": 119826,
            "ì „í™˜ìˆ˜": 2,
            "ì „í™˜ê°’": 156500,
            "ROAS": 130.60604543254385
          }
        ],
        "total_growth_pct": 0.0,
        "trend": "ì•ˆì •"
      },
      {
        "brand": "ê¹Œë¥´ë²µ",
        "weeks_data": [
          {
            "ì£¼": "2025-10-27/2025-11-02",
            "ë¹„ìš©": 23220,
            "ì „í™˜ìˆ˜": 0,
            "ì „í™˜ê°’": 0,
            "ROAS": 0.0
          },
          {
            "ì£¼": "2025-11-03/2025-11-09",
            "ë¹„ìš©": 63183,
            "ì „í™˜ìˆ˜": 4,
            "ì „í™˜ê°’": 411000,
            "ROAS": 650.4914296567114
          },
          {
            "ì£¼": "2025-11-17/2025-11-23",
            "ë¹„ìš©": 83652,
            "ì „í™˜ìˆ˜": 1,
            "ì „í™˜ê°’": 117000,
            "ROAS": 139.86515564481422
          },
          {
            "ì£¼": "2025-11-24/2025-11-30",
            "ë¹„ìš©": 114608,
            "ì „í™˜ìˆ˜": 3,
            "ì „í™˜ê°’": 479900,
            "ROAS": 418.7316766717855
          },
          {
            "ì£¼": "2025-12-01/2025-12-07",
            "ë¹„ìš©": 41872,
            "ì „í™˜ìˆ˜": 3,
            "ì „í™˜ê°’": 296800,
            "ROAS": 708.8269010317157
          }
        ],
        "total_growth_pct": 0.0,
        "trend": "ì•ˆì •"
      },
      {
        "brand": "ë©”ì¢…",
        "weeks_data": [
          {
            "ì£¼": "2025-02-17/2025-02-23",
            "ë¹„ìš©": 62142,
            "ì „í™˜ìˆ˜": 0,
            "ì „í™˜ê°’": 0,
            "ROAS": 0.0
          },
          {
            "ì£¼": "2025-06-09/2025-06-15",
            "ë¹„ìš©": 1454,
            "ì „í™˜ìˆ˜": 0,
            "ì „í™˜ê°’": 0,
            "ROAS": 0.0
          },
          {
            "ì£¼": "2025-06-16/2025-06-22",
            "ë¹„ìš©": 167367,
            "ì „í™˜ìˆ˜": 2,
            "ì „í™˜ê°’": 425500,
            "ROAS": 254.23171831962094
          },
          {
            "ì£¼": "2025-06-23/2025-06-29",
            "ë¹„ìš©": 58882,
            "ì „í™˜ìˆ˜": 0,
            "ì „í™˜ê°’": 0,
            "ROAS": 0.0
          },
          {
            "ì£¼": "2025-06-30/2025-07-06",
            "ë¹„ìš©": 73648,
            "ì „í™˜ìˆ˜": 0,
            "ì „í™˜ê°’": 0,
            "ROAS": 0.0
          },
          {
            "ì£¼": "2025-07-07/2025-07-13",
            "ë¹„ìš©": 217758,
            "ì „í™˜ìˆ˜": 1,
            "ì „í™˜ê°’": 65400,
            "ROAS": 30.033339762488637
          },
          {
            "ì£¼": "2025-07-14/2025-07-20",
            "ë¹„ìš©": 205708,
            "ì „í™˜ìˆ˜": 0,
            "ì „í™˜ê°’": 0,
            "ROAS": 0.0
          },
          {
            "ì£¼": "2025-07-21/2025-07-27",
            "ë¹„ìš©": 0,
            "ì „í™˜ìˆ˜": 0,
            "ì „í™˜ê°’": 0,
            "ROAS": 0.0
          }
        ],
        "total_growth_pct": 0.0,
        "trend": "ì•ˆì •"
      },
      {
        "brand": "íˆ¬í¬ì‹ìŠ¤",
        "weeks_data": [
          {
            "ì£¼": "2025-06-30/2025-07-06",
            "ë¹„ìš©": 17566,
            "ì „í™˜ìˆ˜": 0,
            "ì „í™˜ê°’": 0,
            "ROAS": 0.0
          },
          {
            "ì£¼": "2025-07-07/2025-07-13",
            "ë¹„ìš©": 23835,
            "ì „í™˜ìˆ˜": 0,
            "ì „í™˜ê°’": 0,
            "ROAS": 0.0
          },
          {
            "ì£¼": "2025-07-14/2025-07-20",
            "ë¹„ìš©": 20426,
            "ì „í™˜ìˆ˜": 0,
            "ì „í™˜ê°’": 0,
            "ROAS": 0.0
          },
          {
            "ì£¼": "2025-10-27/2025-11-02",
            "ë¹„ìš©": 22422,
            "ì „í™˜ìˆ˜": 0,
            "ì „í™˜ê°’": 0,
            "ROAS": 0.0
          },
          {
            "ì£¼": "2025-11-03/2025-11-09",
            "ë¹„ìš©": 33459,
            "ì „í™˜ìˆ˜": 1,
            "ì „í™˜ê°’": 80300,
            "ROAS": 239.9952180280343
          },
          {
            "ì£¼": "2025-11-17/2025-11-23",
            "ë¹„ìš©": 42139,
            "ì „í™˜ìˆ˜": 0,
            "ì „í™˜ê°’": 0,
            "ROAS": 0.0
          },
          {
            "ì£¼": "2025-11-24/2025-11-30",
            "ë¹„ìš©": 36542,
            "ì „í™˜ìˆ˜": 1,
            "ì „í™˜ê°’": 48300,
            "ROAS": 132.17667341689014
          },
          {
            "ì£¼": "2025-12-01/2025-12-07",
            "ë¹„ìš©": 7313,
            "ì „í™˜ìˆ˜": 0,
            "ì „í™˜ê°’": 0,
            "ROAS": 0.0
          }
        ],
        "total_growth_pct": 0.0,
        "trend": "ì•ˆì •"
      }
    ],
    "product_monthly_trend": [
      {
        "product": "ê°€ë°©",
        "months_data": [
          {
            "ì›”": "2024-11",
            "ë¹„ìš©": 68294,
            "ì „í™˜ìˆ˜": 0,
            "ì „í™˜ê°’": 0,
            "ROAS": 0.0
          },
          {
            "ì›”": "2025-02",
            "ë¹„ìš©": 123594,
            "ì „í™˜ìˆ˜": 2,
            "ì „í™˜ê°’": 631600,
            "ROAS": 511.0280434325291
          },
          {
            "ì›”": "2025-03",
            "ë¹„ìš©": 85039,
            "ì „í™˜ìˆ˜": 0,
            "ì „í™˜ê°’": 0,
            "ROAS": 0.0
          },
          {
            "ì›”": "2025-04",
            "ë¹„ìš©": 1385558,
            "ì „í™˜ìˆ˜": 18,
            "ì „í™˜ê°’": 1412300,
            "ROAS": 101.93005272965839
          },
          {
            "ì›”": "2025-05",
            "ë¹„ìš©": 1593107,
            "ì „í™˜ìˆ˜": 38,
            "ì „í™˜ê°’": 5679100,
            "ROAS": 356.4795082816157
          },
          {
            "ì›”": "2025-06",
            "ë¹„ìš©": 1172742,
            "ì „í™˜ìˆ˜": 12,
            "ì „í™˜ê°’": 1312200,
            "ROAS": 111.891618105261
          },
          {
            "ì›”": "2025-08",
            "ë¹„ìš©": 205545,
            "ì „í™˜ìˆ˜": 2,
            "ì „í™˜ê°’": 286900,
            "ROAS": 139.5801406018147
          },
          {
            "ì›”": "2025-09",
            "ë¹„ìš©": 540021,
            "ì „í™˜ìˆ˜": 5,
            "ì „í™˜ê°’": 785200,
            "ROAS": 145.4017528947948
          },
          {
            "ì›”": "2025-10",
            "ë¹„ìš©": 477988,
            "ì „í™˜ìˆ˜": 1,
            "ì „í™˜ê°’": 193800,
            "ROAS": 40.54495091926994
          },
          {
            "ì›”": "2025-11",
            "ë¹„ìš©": 456381,
            "ì „í™˜ìˆ˜": 3,
            "ì „í™˜ê°’": 284800,
            "ROAS": 62.40400016652753
          },
          {
            "ì›”": "2025-12",
            "ë¹„ìš©": 37427,
            "ì „í™˜ìˆ˜": 0,
            "ì „í™˜ê°’": 0,
            "ROAS": 0.0
          }
        ],
        "total_growth_pct": 0.0,
        "trend": "ì•ˆì •"
      },
      {
        "product": "ê¸°íƒ€",
        "months_data": [
          {
            "ì›”": "2024-11",
            "ë¹„ìš©": 1286694,
            "ì „í™˜ìˆ˜": 6,
            "ì „í™˜ê°’": 630200,
            "ROAS": 48.97823414114001
          },
          {
            "ì›”": "2024-12",
            "ë¹„ìš©": 1199800,
            "ì „í™˜ìˆ˜": 0,
            "ì „í™˜ê°’": 0,
            "ROAS": 0.0
          },
          {
            "ì›”": "2025-01",
            "ë¹„ìš©": 284908,
            "ì „í™˜ìˆ˜": 4,
            "ì „í™˜ê°’": 250800,
            "ROAS": 88.02841619048957
          },
          {
            "ì›”": "2025-02",
            "ë¹„ìš©": 684498,
            "ì „í™˜ìˆ˜": 17,
            "ì „í™˜ê°’": 2149600,
            "ROAS": 314.0403624261868
          },
          {
            "ì›”": "2025-03",
            "ë¹„ìš©": 346883,
            "ì „í™˜ìˆ˜": 0,
            "ì „í™˜ê°’": 0,
            "ROAS": 0.0
          },
          {
            "ì›”": "2025-04",
            "ë¹„ìš©": 249933,
            "ì „í™˜ìˆ˜": 0,
            "ì „í™˜ê°’": 0,
            "ROAS": 0.0
          },
          {
            "ì›”": "2025-05",
            "ë¹„ìš©": 300000,
            "ì „í™˜ìˆ˜": 0,
            "ì „í™˜ê°’": 0,
            "ROAS": 0.0
          },
          {
            "ì›”": "2025-06",
            "ë¹„ìš©": 660372,
            "ì „í™˜ìˆ˜": 4,
            "ì „í™˜ê°’": 312400,
            "ROAS": 47.30666957411883
          },
          {
            "ì›”": "2025-07",
            "ë¹„ìš©": 1342046,
            "ì „í™˜ìˆ˜": 12,
            "ì „í™˜ê°’": 1242250,
            "ROAS": 92.56389125260982
          },
          {
            "ì›”": "2025-08",
            "ë¹„ìš©": 1071025,
            "ì „í™˜ìˆ˜": 5,
            "ì „í™˜ê°’": 500500,
            "ROAS": 46.73093531897015
          },
          {
            "ì›”": "2025-09",
            "ë¹„ìš©": 181511,
            "ì „í™˜ìˆ˜": 0,
            "ì „í™˜ê°’": 0,
            "ROAS": 0.0
          },
          {
            "ì›”": "2025-11",
            "ë¹„ìš©": 919518,
            "ì „í™˜ìˆ˜": 18,
            "ì „í™˜ê°’": 2078700,
            "ROAS": 226.06409009937812
          },
          {
            "ì›”": "2025-12",
            "ë¹„ìš©": 76817,
            "ì „í™˜ìˆ˜": 4,
            "ì „í™˜ê°’": 409000,
            "ROAS": 532.4342267987555
          }
        ],
        "total_growth_pct": -35.09996826404316,
        "trend": "í•˜ë½"
      },
      {
        "product": "ë³¼ìº¡",
        "months_data": [
          {
            "ì›”": "2024-12",
            "ë¹„ìš©": 87018,
            "ì „í™˜ìˆ˜": 0,
            "ì „í™˜ê°’": 0,
            "ROAS": 0.0
          },
          {
            "ì›”": "2025-01",
            "ë¹„ìš©": 90936,
            "ì „í™˜ìˆ˜": 0,
            "ì „í™˜ê°’": 0,
            "ROAS": 0.0
          },
          {
            "ì›”": "2025-02",
            "ë¹„ìš©": 163704,
            "ì „í™˜ìˆ˜": 0,
            "ì „í™˜ê°’": 0,
            "ROAS": 0.0
          },
          {
            "ì›”": "2025-03",
            "ë¹„ìš©": 472520,
            "ì „í™˜ìˆ˜": 26,
            "ì „í™˜ê°’": 1158350,
            "ROAS": 245.1430627275036
          },
          {
            "ì›”": "2025-04",
            "ë¹„ìš©": 0,
            "ì „í™˜ìˆ˜": 2,
            "ì „í™˜ê°’": 88500,
            "ROAS": 0.0
          },
          {
            "ì›”": "2025-06",
            "ë¹„ìš©": 116279,
            "ì „í™˜ìˆ˜": 2,
            "ì „í™˜ê°’": 79600,
            "ROAS": 68.45604107362465
          },
          {
            "ì›”": "2025-07",
            "ë¹„ìš©": 235779,
            "ì „í™˜ìˆ˜": 0,
            "ì „í™˜ê°’": 0,
            "ROAS": 0.0
          },
          {
            "ì›”": "2025-10",
            "ë¹„ìš©": 59130,
            "ì „í™˜ìˆ˜": 1,
            "ì „í™˜ê°’": 44300,
            "ROAS": 74.91966852697446
          },
          {
            "ì›”": "2025-11",
            "ë¹„ìš©": 133163,
            "ì „í™˜ìˆ˜": 1,
            "ì „í™˜ê°’": 41300,
            "ROAS": 31.014621178555608
          },
          {
            "ì›”": "2025-12",
            "ë¹„ìš©": 6616,
            "ì „í™˜ìˆ˜": 0,
            "ì „í™˜ê°’": 0,
            "ROAS": 0.0
          }
        ],
        "total_growth_pct": 0.0,
        "trend": "ì•ˆì •"
      },
      {
        "product": "ì…”ì¸ ",
        "months_data": [
          {
            "ì›”": "2024-11",
            "ë¹„ìš©": 58838,
            "ì „í™˜ìˆ˜": 0,
            "ì „í™˜ê°’": 0,
            "ROAS": 0.0
          },
          {
            "ì›”": "2025-04",
            "ë¹„ìš©": 49975,
            "ì „í™˜ìˆ˜": 0,
            "ì „í™˜ê°’": 0,
            "ROAS": 0.0
          },
          {
            "ì›”": "2025-11",
            "ë¹„ìš©": 85709,
            "ì „í™˜ìˆ˜": 0,
            "ì „í™˜ê°’": 0,
            "ROAS": 0.0
          }
        ],
        "total_growth_pct": 0.0,
        "trend": "ì•ˆì •"
      },
      {
        "product": "ì‹œê³„",
        "months_data": [
          {
            "ì›”": "2024-11",
            "ë¹„ìš©": 351784,
            "ì „í™˜ìˆ˜": 14,
            "ì „í™˜ê°’": 1952050,
            "ROAS": 554.9001660109612
          },
          {
            "ì›”": "2024-12",
            "ë¹„ìš©": 363053,
            "ì „í™˜ìˆ˜": 8,
            "ì „í™˜ê°’": 957500,
            "ROAS": 263.7355978328233
          },
          {
            "ì›”": "2025-01",
            "ë¹„ìš©": 574076,
            "ì „í™˜ìˆ˜": 19,
            "ì „í™˜ê°’": 2391700,
            "ROAS": 416.617311993534
          },
          {
            "ì›”": "2025-02",
            "ë¹„ìš©": 468697,
            "ì „í™˜ìˆ˜": 14,
            "ì „í™˜ê°’": 1958500,
            "ROAS": 417.8605794361816
          },
          {
            "ì›”": "2025-03",
            "ë¹„ìš©": 571005,
            "ì „í™˜ìˆ˜": 25,
            "ì „í™˜ê°’": 3223700,
            "ROAS": 564.5659845360373
          },
          {
            "ì›”": "2025-04",
            "ë¹„ìš©": 0,
            "ì „í™˜ìˆ˜": 1,
            "ì „í™˜ê°’": 133250,
            "ROAS": 0.0
          },
          {
            "ì›”": "2025-05",
            "ë¹„ìš©": 985777,
            "ì „í™˜ìˆ˜": 28,
            "ì „í™˜ê°’": 3008470,
            "ROAS": 305.1876844357294
          },
          {
            "ì›”": "2025-06",
            "ë¹„ìš©": 798068,
            "ì „í™˜ìˆ˜": 11,
            "ì „í™˜ê°’": 1456700,
            "ROAS": 182.52830585864862
          },
          {
            "ì›”": "2025-08",
            "ë¹„ìš©": 880706,
            "ì „í™˜ìˆ˜": 17,
            "ì „í™˜ê°’": 2027600,
            "ROAS": 230.22438816131606
          },
          {
            "ì›”": "2025-09",
            "ë¹„ìš©": 884504,
            "ì „í™˜ìˆ˜": 28,
            "ì „í™˜ê°’": 3436750,
            "ROAS": 388.5510975642846
          },
          {
            "ì›”": "2025-10",
            "ë¹„ìš©": 552786,
            "ì „í™˜ìˆ˜": 2,
            "ì „í™˜ê°’": 346800,
            "ROAS": 62.736755272383895
          },
          {
            "ì›”": "2025-11",
            "ë¹„ìš©": 108856,
            "ì „í™˜ìˆ˜": 1,
            "ì „í™˜ê°’": 41300,
            "ROAS": 37.94003086646579
          },
          {
            "ì›”": "2025-12",
            "ë¹„ìš©": 48151,
            "ì „í™˜ìˆ˜": 1,
            "ì „í™˜ê°’": 44300,
            "ROAS": 92.00224294407178
          }
        ],
        "total_growth_pct": -97.73059091724085,
        "trend": "í•˜ë½"
      }
    ],
    "product_weekly_trend": [
      {
        "product": "ê°€ë°©",
        "weeks_data": [
          {
            "ì£¼": "2025-09-29/2025-10-05",
            "ë¹„ìš©": 177119,
            "ì „í™˜ìˆ˜": 0,
            "ì „í™˜ê°’": 0,
            "ROAS": 0.0
          },
          {
            "ì£¼": "2025-10-20/2025-10-26",
            "ë¹„ìš©": 264726,
            "ì „í™˜ìˆ˜": 1,
            "ì „í™˜ê°’": 193800,
            "ROAS": 73.20776954284808
          },
          {
            "ì£¼": "2025-10-27/2025-11-02",
            "ë¹„ìš©": 95488,
            "ì „í™˜ìˆ˜": 0,
            "ì „í™˜ê°’": 0,
            "ROAS": 0.0
          },
          {
            "ì£¼": "2025-11-03/2025-11-09",
            "ë¹„ìš©": 233222,
            "ì „í™˜ìˆ˜": 1,
            "ì „í™˜ê°’": 160100,
            "ROAS": 68.64704015916165
          },
          {
            "ì£¼": "2025-11-10/2025-11-16",
            "ë¹„ìš©": 0,
            "ì „í™˜ìˆ˜": 0,
            "ì „í™˜ê°’": 0,
            "ROAS": 0.0
          },
          {
            "ì£¼": "2025-11-17/2025-11-23",
            "ë¹„ìš©": 159419,
            "ì „í™˜ìˆ˜": 1,
            "ì „í™˜ê°’": 86400,
            "ROAS": 54.19680213776276
          },
          {
            "ì£¼": "2025-11-24/2025-11-30",
            "ë¹„ìš©": 4395,
            "ì „í™˜ìˆ˜": 1,
            "ì „í™˜ê°’": 38300,
            "ROAS": 871.4448236632537
          },
          {
            "ì£¼": "2025-12-01/2025-12-07",
            "ë¹„ìš©": 37427,
            "ì „í™˜ìˆ˜": 0,
            "ì „í™˜ê°’": 0,
            "ROAS": 0.0
          }
        ],
        "total_growth_pct": 0.0,
        "trend": "ì•ˆì •"
      },
      {
        "product": "ê¸°íƒ€",
        "weeks_data": [
          {
            "ì£¼": "2025-09-01/2025-09-07",
            "ë¹„ìš©": 131787,
            "ì „í™˜ìˆ˜": 0,
            "ì „í™˜ê°’": 0,
            "ROAS": 0.0
          },
          {
            "ì£¼": "2025-09-08/2025-09-14",
            "ë¹„ìš©": 49724,
            "ì „í™˜ìˆ˜": 0,
            "ì „í™˜ê°’": 0,
            "ROAS": 0.0
          },
          {
            "ì£¼": "2025-10-27/2025-11-02",
            "ë¹„ìš©": 92727,
            "ì „í™˜ìˆ˜": 0,
            "ì „í™˜ê°’": 0,
            "ROAS": 0.0
          },
          {
            "ì£¼": "2025-11-03/2025-11-09",
            "ë¹„ìš©": 200532,
            "ì „í™˜ìˆ˜": 6,
            "ì „í™˜ê°’": 577000,
            "ROAS": 287.734625895119
          },
          {
            "ì£¼": "2025-11-10/2025-11-16",
            "ë¹„ìš©": 0,
            "ì „í™˜ìˆ˜": 1,
            "ì „í™˜ê°’": 66600,
            "ROAS": 0.0
          },
          {
            "ì£¼": "2025-11-17/2025-11-23",
            "ë¹„ìš©": 345017,
            "ì „í™˜ìˆ˜": 4,
            "ì „í™˜ê°’": 577600,
            "ROAS": 167.412040566117
          },
          {
            "ì£¼": "2025-11-24/2025-11-30",
            "ë¹„ìš©": 281242,
            "ì „í™˜ìˆ˜": 7,
            "ì „í™˜ê°’": 857500,
            "ROAS": 304.89756153063905
          },
          {
            "ì£¼": "2025-12-01/2025-12-07",
            "ë¹„ìš©": 76817,
            "ì „í™˜ìˆ˜": 4,
            "ì „í™˜ê°’": 409000,
            "ROAS": 532.4342267987555
          }
        ],
        "total_growth_pct": 0.0,
        "trend": "ì•ˆì •"
      },
      {
        "product": "ë³¼ìº¡",
        "weeks_data": [
          {
            "ì£¼": "2025-07-14/2025-07-20",
            "ë¹„ìš©": 66904,
            "ì „í™˜ìˆ˜": 0,
            "ì „í™˜ê°’": 0,
            "ROAS": 0.0
          },
          {
            "ì£¼": "2025-07-21/2025-07-27",
            "ë¹„ìš©": 0,
            "ì „í™˜ìˆ˜": 0,
            "ì „í™˜ê°’": 0,
            "ROAS": 0.0
          },
          {
            "ì£¼": "2025-09-29/2025-10-05",
            "ë¹„ìš©": 59130,
            "ì „í™˜ìˆ˜": 1,
            "ì „í™˜ê°’": 44300,
            "ROAS": 74.91966852697446
          },
          {
            "ì£¼": "2025-10-27/2025-11-02",
            "ë¹„ìš©": 24828,
            "ì „í™˜ìˆ˜": 0,
            "ì „í™˜ê°’": 0,
            "ROAS": 0.0
          },
          {
            "ì£¼": "2025-11-03/2025-11-09",
            "ë¹„ìš©": 34214,
            "ì „í™˜ìˆ˜": 0,
            "ì „í™˜ê°’": 0,
            "ROAS": 0.0
          },
          {
            "ì£¼": "2025-11-17/2025-11-23",
            "ë¹„ìš©": 41618,
            "ì „í™˜ìˆ˜": 1,
            "ì „í™˜ê°’": 41300,
            "ROAS": 99.23590754000674
          },
          {
            "ì£¼": "2025-11-24/2025-11-30",
            "ë¹„ìš©": 32503,
            "ì „í™˜ìˆ˜": 0,
            "ì „í™˜ê°’": 0,
            "ROAS": 0.0
          },
          {
            "ì£¼": "2025-12-01/2025-12-07",
            "ë¹„ìš©": 6616,
            "ì „í™˜ìˆ˜": 0,
            "ì „í™˜ê°’": 0,
            "ROAS": 0.0
          }
        ],
        "total_growth_pct": 0.0,
        "trend": "ì•ˆì •"
      },
      {
        "product": "ì…”ì¸ ",
        "weeks_data": [
          {
            "ì£¼": "2024-10-28/2024-11-03",
            "ë¹„ìš©": 29310,
            "ì „í™˜ìˆ˜": 0,
            "ì „í™˜ê°’": 0,
            "ROAS": 0.0
          },
          {
            "ì£¼": "2024-11-04/2024-11-10",
            "ë¹„ìš©": 29528,
            "ì „í™˜ìˆ˜": 0,
            "ì „í™˜ê°’": 0,
            "ROAS": 0.0
          },
          {
            "ì£¼": "2025-04-14/2025-04-20",
            "ë¹„ìš©": 49975,
            "ì „í™˜ìˆ˜": 0,
            "ì „í™˜ê°’": 0,
            "ROAS": 0.0
          },
          {
            "ì£¼": "2025-10-27/2025-11-02",
            "ë¹„ìš©": 22242,
            "ì „í™˜ìˆ˜": 0,
            "ì „í™˜ê°’": 0,
            "ROAS": 0.0
          },
          {
            "ì£¼": "2025-11-03/2025-11-09",
            "ë¹„ìš©": 33256,
            "ì „í™˜ìˆ˜": 0,
            "ì „í™˜ê°’": 0,
            "ROAS": 0.0
          },
          {
            "ì£¼": "2025-11-17/2025-11-23",
            "ë¹„ìš©": 30211,
            "ì „í™˜ìˆ˜": 0,
            "ì „í™˜ê°’": 0,
            "ROAS": 0.0
          }
        ],
        "total_growth_pct": 0.0,
        "trend": "ì•ˆì •"
      },
      {
        "product": "ì‹œê³„",
        "weeks_data": [
          {
            "ì£¼": "2025-09-22/2025-09-28",
            "ë¹„ìš©": 346239,
            "ì „í™˜ìˆ˜": 8,
            "ì „í™˜ê°’": 860200,
            "ROAS": 248.44110571021753
          },
          {
            "ì£¼": "2025-09-29/2025-10-05",
            "ë¹„ìš©": 265520,
            "ì „í™˜ìˆ˜": 1,
            "ì „í™˜ê°’": 126700,
            "ROAS": 47.71768605001506
          },
          {
            "ì£¼": "2025-10-06/2025-10-12",
            "ë¹„ìš©": 0,
            "ì „í™˜ìˆ˜": 0,
            "ì „í™˜ê°’": 0,
            "ROAS": 0.0
          },
          {
            "ì£¼": "2025-10-20/2025-10-26",
            "ë¹„ìš©": 238044,
            "ì „í™˜ìˆ˜": 1,
            "ì „í™˜ê°’": 268200,
            "ROAS": 112.66824620658366
          },
          {
            "ì£¼": "2025-10-27/2025-11-02",
            "ë¹„ìš©": 49222,
            "ì „í™˜ìˆ˜": 1,
            "ì „í™˜ê°’": 78600,
            "ROAS": 159.68469383608956
          },
          {
            "ì£¼": "2025-11-03/2025-11-09",
            "ë¹„ìš©": 0,
            "ì „í™˜ìˆ˜": 1,
            "ì „í™˜ê°’": 41300,
            "ROAS": 0.0
          },
          {
            "ì£¼": "2025-11-24/2025-11-30",
            "ë¹„ìš©": 108856,
            "ì „í™˜ìˆ˜": 0,
            "ì „í™˜ê°’": 0,
            "ROAS": 0.0
          },
          {
            "ì£¼": "2025-12-01/2025-12-07",
            "ë¹„ìš©": 48151,
            "ì „í™˜ìˆ˜": 1,
            "ì „í™˜ê°’": 44300,
            "ROAS": 92.00224294407178
          }
        ],
        "total_growth_pct": -94.85003487561032,
        "trend": "í•˜ë½"
      }
    ],
    "gender_monthly_trend": [
      {
        "gender": "ë‚¨ì„±",
        "months_data": [
          {
            "ì›”": "2024-11",
            "ë¹„ìš©": 124881,
            "ì „í™˜ìˆ˜": 5,
            "ì „í™˜ê°’": 533900,
            "ROAS": 427.5270057094354
          },
          {
            "ì›”": "2024-12",
            "ë¹„ìš©": 121413,
            "ì „í™˜ìˆ˜": 0,
            "ì „í™˜ê°’": 0,
            "ROAS": 0.0
          },
          {
            "ì›”": "2025-01",
            "ë¹„ìš©": 105481,
            "ì „í™˜ìˆ˜": 2,
            "ì „í™˜ê°’": 295750,
            "ROAS": 280.3822489358273
          },
          {
            "ì›”": "2025-02",
            "ë¹„ìš©": 174861,
            "ì „í™˜ìˆ˜": 18,
            "ì „í™˜ê°’": 2028100,
            "ROAS": 1159.8355265039088
          },
          {
            "ì›”": "2025-03",
            "ë¹„ìš©": 98349,
            "ì „í™˜ìˆ˜": 5,
            "ì „í™˜ê°’": 295600,
            "ROAS": 300.5622832972374
          },
          {
            "ì›”": "2025-04",
            "ë¹„ìš©": 285613,
            "ì „í™˜ìˆ˜": 8,
            "ì „í™˜ê°’": 490050,
            "ROAS": 171.57832451604094
          },
          {
            "ì›”": "2025-05",
            "ë¹„ìš©": 223037,
            "ì „í™˜ìˆ˜": 7,
            "ì „í™˜ê°’": 555700,
            "ROAS": 249.15148607630124
          },
          {
            "ì›”": "2025-06",
            "ë¹„ìš©": 201308,
            "ì „í™˜ìˆ˜": 3,
            "ì „í™˜ê°’": 168600,
            "ROAS": 83.75226021817315
          },
          {
            "ì›”": "2025-07",
            "ë¹„ìš©": 114014,
            "ì „í™˜ìˆ˜": 1,
            "ì „í™˜ê°’": 38300,
            "ROAS": 33.59236584980792
          },
          {
            "ì›”": "2025-08",
            "ë¹„ìš©": 140779,
            "ì „í™˜ìˆ˜": 0,
            "ì „í™˜ê°’": 0,
            "ROAS": 0.0
          },
          {
            "ì›”": "2025-09",
            "ë¹„ìš©": 130843,
            "ì „í™˜ìˆ˜": 3,
            "ì „í™˜ê°’": 439000,
            "ROAS": 335.51661151150614
          },
          {
            "ì›”": "2025-10",
            "ë¹„ìš©": 61112,
            "ì „í™˜ìˆ˜": 0,
            "ì „í™˜ê°’": 0,
            "ROAS": 0.0
          },
          {
            "ì›”": "2025-11",
            "ë¹„ìš©": 114585,
            "ì „í™˜ìˆ˜": 1,
            "ì „í™˜ê°’": 38300,
            "ROAS": 33.42496836409652
          },
          {
            "ì›”": "2025-12",
            "ë¹„ìš©": 14674,
            "ì „í™˜ìˆ˜": 2,
            "ì „í™˜ê°’": 183100,
            "ROAS": 1247.785198309936
          }
        ]
      },
      {
        "gender": "ì—¬ì„±",
        "months_data": [
          {
            "ì›”": "2024-11",
            "ë¹„ìš©": 1634688,
            "ì „í™˜ìˆ˜": 15,
            "ì „í™˜ê°’": 2048350,
            "ROAS": 125.30525702764075
          },
          {
            "ì›”": "2024-12",
            "ë¹„ìš©": 1073485,
            "ì „í™˜ìˆ˜": 6,
            "ì „í™˜ê°’": 712000,
            "ROAS": 66.32603157007317
          },
          {
            "ì›”": "2025-01",
            "ë¹„ìš©": 840820,
            "ì „í™˜ìˆ˜": 21,
            "ì „í™˜ê°’": 2346750,
            "ROAS": 279.1025427558812
          },
          {
            "ì›”": "2025-02",
            "ë¹„ìš©": 1260922,
            "ì „í™˜ìˆ˜": 15,
            "ì „í™˜ê°’": 2711600,
            "ROAS": 215.04898796277644
          },
          {
            "ì›”": "2025-03",
            "ë¹„ìš©": 1371095,
            "ì „í™˜ìˆ˜": 45,
            "ì „í™˜ê°’": 4039200,
            "ROAS": 294.59665449877656
          },
          {
            "ì›”": "2025-04",
            "ë¹„ìš©": 1393783,
            "ì „í™˜ìˆ˜": 13,
            "ì „í™˜ê°’": 1144000,
            "ROAS": 82.07877409898097
          },
          {
            "ì›”": "2025-05",
            "ë¹„ìš©": 2647954,
            "ì „í™˜ìˆ˜": 59,
            "ì „í™˜ê°’": 8131870,
            "ROAS": 307.1001233405112
          },
          {
            "ì›”": "2025-06",
            "ë¹„ìš©": 2533770,
            "ì „í™˜ìˆ˜": 25,
            "ì „í™˜ê°’": 2929100,
            "ROAS": 115.60244221061895
          },
          {
            "ì›”": "2025-07",
            "ë¹„ìš©": 1458840,
            "ì „í™˜ìˆ˜": 11,
            "ì „í™˜ê°’": 1203950,
            "ROAS": 82.52789887856105
          },
          {
            "ì›”": "2025-08",
            "ë¹„ìš©": 2010418,
            "ì „í™˜ìˆ˜": 24,
            "ì „í™˜ê°’": 2815000,
            "ROAS": 140.02063252517635
          },
          {
            "ì›”": "2025-09",
            "ë¹„ìš©": 1468655,
            "ì „í™˜ìˆ˜": 30,
            "ì „í™˜ê°’": 3782950,
            "ROAS": 257.5792136342436
          },
          {
            "ì›”": "2025-10",
            "ë¹„ìš©": 1026237,
            "ì „í™˜ìˆ˜": 4,
            "ì „í™˜ê°’": 584900,
            "ROAS": 56.99463184430107
          },
          {
            "ì›”": "2025-11",
            "ë¹„ìš©": 1582406,
            "ì „í™˜ìˆ˜": 22,
            "ì „í™˜ê°’": 2407800,
            "ROAS": 152.16069706510214
          },
          {
            "ì›”": "2025-12",
            "ë¹„ìš©": 153707,
            "ì „í™˜ìˆ˜": 3,
            "ì „í™˜ê°’": 270200,
            "ROAS": 175.78900115154156
          }
        ]
      }
    ],
    "gender_weekly_trend": [
      {
        "gender": "ë‚¨ì„±",
        "weeks_data": [
          {
            "ì£¼": "2025-09-22/2025-09-28",
            "ë¹„ìš©": 24682,
            "ì „í™˜ìˆ˜": 1,
            "ì „í™˜ê°’": 113700,
            "ROAS": 460.65958998460417
          },
          {
            "ì£¼": "2025-09-29/2025-10-05",
            "ë¹„ìš©": 29672,
            "ì „í™˜ìˆ˜": 0,
            "ì „í™˜ê°’": 0,
            "ROAS": 0.0
          },
          {
            "ì£¼": "2025-10-20/2025-10-26",
            "ë¹„ìš©": 27799,
            "ì „í™˜ìˆ˜": 0,
            "ì „í™˜ê°’": 0,
            "ROAS": 0.0
          },
          {
            "ì£¼": "2025-10-27/2025-11-02",
            "ë¹„ìš©": 15200,
            "ì „í™˜ìˆ˜": 0,
            "ì „í™˜ê°’": 0,
            "ROAS": 0.0
          },
          {
            "ì£¼": "2025-11-03/2025-11-09",
            "ë¹„ìš©": 23435,
            "ì „í™˜ìˆ˜": 0,
            "ì „í™˜ê°’": 0,
            "ROAS": 0.0
          },
          {
            "ì£¼": "2025-11-17/2025-11-23",
            "ë¹„ìš©": 46095,
            "ì „í™˜ìˆ˜": 0,
            "ì „í™˜ê°’": 0,
            "ROAS": 0.0
          },
          {
            "ì£¼": "2025-11-24/2025-11-30",
            "ë¹„ìš©": 33496,
            "ì „í™˜ìˆ˜": 1,
            "ì „í™˜ê°’": 38300,
            "ROAS": 114.34201098638643
          },
          {
            "ì£¼": "2025-12-01/2025-12-07",
            "ë¹„ìš©": 14674,
            "ì „í™˜ìˆ˜": 2,
            "ì „í™˜ê°’": 183100,
            "ROAS": 1247.785198309936
          }
        ]
      },
      {
        "gender": "ì—¬ì„±",
        "weeks_data": [
          {
            "ì£¼": "2025-10-06/2025-10-12",
            "ë¹„ìš©": 0,
            "ì „í™˜ìˆ˜": 0,
            "ì „í™˜ê°’": 0,
            "ROAS": 0.0
          },
          {
            "ì£¼": "2025-10-20/2025-10-26",
            "ë¹„ìš©": 474001,
            "ì „í™˜ìˆ˜": 2,
            "ì „í™˜ê°’": 462000,
            "ROAS": 97.46814880137383
          },
          {
            "ì£¼": "2025-10-27/2025-11-02",
            "ë¹„ìš©": 268044,
            "ì „í™˜ìˆ˜": 1,
            "ì „í™˜ê°’": 78600,
            "ROAS": 29.323543895778304
          },
          {
            "ì£¼": "2025-11-03/2025-11-09",
            "ë¹„ìš©": 475852,
            "ì „í™˜ìˆ˜": 8,
            "ì „í™˜ê°’": 778400,
            "ROAS": 163.58027285794742
          },
          {
            "ì£¼": "2025-11-10/2025-11-16",
            "ë¹„ìš©": 0,
            "ì „í™˜ìˆ˜": 1,
            "ì „í™˜ê°’": 66600,
            "ROAS": 0.0
          },
          {
            "ì£¼": "2025-11-17/2025-11-23",
            "ë¹„ìš©": 527574,
            "ì „í™˜ìˆ˜": 6,
            "ì „í™˜ê°’": 705300,
            "ROAS": 133.68740688510047
          },
          {
            "ì£¼": "2025-11-24/2025-11-30",
            "ë¹„ìš©": 392308,
            "ì „í™˜ìˆ˜": 7,
            "ì „í™˜ê°’": 857500,
            "ROAS": 218.57825993861962
          },
          {
            "ì£¼": "2025-12-01/2025-12-07",
            "ë¹„ìš©": 153707,
            "ì „í™˜ìˆ˜": 3,
            "ì „í™˜ê°’": 270200,
            "ROAS": 175.78900115154156
          }
        ]
      }
    ],
    "age_monthly_trend": [
      {
        "age": "19ì„¸ ~ 24ì„¸",
        "months_data": [
          {
            "ì›”": "2024-11",
            "ë¹„ìš©": 152999,
            "ì „í™˜ìˆ˜": 1,
            "ì „í™˜ê°’": 130000,
            "ROAS": 84.96787560703011
          },
          {
            "ì›”": "2024-12",
            "ë¹„ìš©": 123268,
            "ì „í™˜ìˆ˜": 0,
            "ì „í™˜ê°’": 0,
            "ROAS": 0.0
          },
          {
            "ì›”": "2025-01",
            "ë¹„ìš©": 63320,
            "ì „í™˜ìˆ˜": 1,
            "ì „í™˜ê°’": 165750,
            "ROAS": 261.76563487049907
          },
          {
            "ì›”": "2025-02",
            "ë¹„ìš©": 202063,
            "ì „í™˜ìˆ˜": 3,
            "ì „í™˜ê°’": 466500,
            "ROAS": 230.8685904891049
          },
          {
            "ì›”": "2025-03",
            "ë¹„ìš©": 165449,
            "ì „í™˜ìˆ˜": 1,
            "ì „í™˜ê°’": 102500,
            "ROAS": 61.95262588471372
          },
          {
            "ì›”": "2025-04",
            "ë¹„ìš©": 362002,
            "ì „í™˜ìˆ˜": 5,
            "ì „í™˜ê°’": 393250,
            "ROAS": 108.6319965083066
          },
          {
            "ì›”": "2025-05",
            "ë¹„ìš©": 259202,
            "ì „í™˜ìˆ˜": 2,
            "ì „í™˜ê°’": 79600,
            "ROAS": 30.709639586114307
          },
          {
            "ì›”": "2025-06",
            "ë¹„ìš©": 275343,
            "ì „í™˜ìˆ˜": 0,
            "ì „í™˜ê°’": 0,
            "ROAS": 0.0
          },
          {
            "ì›”": "2025-07",
            "ë¹„ìš©": 171530,
            "ì „í™˜ìˆ˜": 0,
            "ì „í™˜ê°’": 0,
            "ROAS": 0.0
          },
          {
            "ì›”": "2025-08",
            "ë¹„ìš©": 195892,
            "ì „í™˜ìˆ˜": 3,
            "ì „í™˜ê°’": 328900,
            "ROAS": 167.8986380250342
          },
          {
            "ì›”": "2025-09",
            "ë¹„ìš©": 75511,
            "ì „í™˜ìˆ˜": 1,
            "ì „í™˜ê°’": 113750,
            "ROAS": 150.6403040616599
          },
          {
            "ì›”": "2025-10",
            "ë¹„ìš©": 29444,
            "ì „í™˜ìˆ˜": 0,
            "ì „í™˜ê°’": 0,
            "ROAS": 0.0
          },
          {
            "ì›”": "2025-11",
            "ë¹„ìš©": 30946,
            "ì „í™˜ìˆ˜": 2,
            "ì „í™˜ê°’": 161300,
            "ROAS": 521.2305306016932
          },
          {
            "ì›”": "2025-12",
            "ë¹„ìš©": 3493,
            "ì „í™˜ìˆ˜": 1,
            "ì „í™˜ê°’": 100500,
            "ROAS": 2877.182937303178
          }
        ]
      },
      {
        "age": "25ì„¸ ~ 34ì„¸",
        "months_data": [
          {
            "ì›”": "2024-11",
            "ë¹„ìš©": 734459,
            "ì „í™˜ìˆ˜": 9,
            "ì „í™˜ê°’": 1037500,
            "ROAS": 141.26043795501178
          },
          {
            "ì›”": "2024-12",
            "ë¹„ìš©": 464867,
            "ì „í™˜ìˆ˜": 0,
            "ì „í™˜ê°’": 0,
            "ROAS": 0.0
          },
          {
            "ì›”": "2025-01",
            "ë¹„ìš©": 228481,
            "ì „í™˜ìˆ˜": 3,
            "ì „í™˜ê°’": 240800,
            "ROAS": 105.39169558956762
          },
          {
            "ì›”": "2025-02",
            "ë¹„ìš©": 521695,
            "ì „í™˜ìˆ˜": 22,
            "ì „í™˜ê°’": 3182700,
            "ROAS": 610.0691016781835
          },
          {
            "ì›”": "2025-03",
            "ë¹„ìš©": 449215,
            "ì „í™˜ìˆ˜": 18,
            "ì „í™˜ê°’": 1678700,
            "ROAS": 373.6963369433345
          },
          {
            "ì›”": "2025-04",
            "ë¹„ìš©": 762201,
            "ì „í™˜ìˆ˜": 9,
            "ì „í™˜ê°’": 818300,
            "ROAS": 107.36013203866173
          },
          {
            "ì›”": "2025-05",
            "ë¹„ìš©": 1743219,
            "ì „í™˜ìˆ˜": 41,
            "ì „í™˜ê°’": 5778070,
            "ROAS": 331.4597878981356
          },
          {
            "ì›”": "2025-06",
            "ë¹„ìš©": 1211812,
            "ì „í™˜ìˆ˜": 10,
            "ì „í™˜ê°’": 1048200,
            "ROAS": 86.49856578413153
          },
          {
            "ì›”": "2025-07",
            "ë¹„ìš©": 679603,
            "ì „í™˜ìˆ˜": 6,
            "ì „í™˜ê°’": 589050,
            "ROAS": 86.67560325660718
          },
          {
            "ì›”": "2025-08",
            "ë¹„ìš©": 896477,
            "ì „í™˜ìˆ˜": 10,
            "ì „í™˜ê°’": 981000,
            "ROAS": 109.42835120142513
          },
          {
            "ì›”": "2025-09",
            "ë¹„ìš©": 429792,
            "ì „í™˜ìˆ˜": 9,
            "ì „í™˜ê°’": 1244650,
            "ROAS": 289.59357084357083
          },
          {
            "ì›”": "2025-10",
            "ë¹„ìš©": 305617,
            "ì „í™˜ìˆ˜": 0,
            "ì „í™˜ê°’": 0,
            "ROAS": 0.0
          },
          {
            "ì›”": "2025-11",
            "ë¹„ìš©": 289750,
            "ì „í™˜ìˆ˜": 4,
            "ì „í™˜ê°’": 571100,
            "ROAS": 197.1009490940466
          },
          {
            "ì›”": "2025-12",
            "ë¹„ìš©": 31527,
            "ì „í™˜ìˆ˜": 2,
            "ì „í™˜ê°’": 194800,
            "ROAS": 617.8830843404066
          }
        ]
      },
      {
        "age": "35ì„¸ ~ 44ì„¸",
        "months_data": [
          {
            "ì›”": "2024-11",
            "ë¹„ìš©": 510985,
            "ì „í™˜ìˆ˜": 4,
            "ì „í™˜ê°’": 557500,
            "ROAS": 109.10300693758134
          },
          {
            "ì›”": "2024-12",
            "ë¹„ìš©": 608409,
            "ì „í™˜ìˆ˜": 3,
            "ì „í™˜ê°’": 375000,
            "ROAS": 61.63616909020083
          },
          {
            "ì›”": "2025-01",
            "ë¹„ìš©": 362010,
            "ì „í™˜ìˆ˜": 9,
            "ì „í™˜ê°’": 877100,
            "ROAS": 242.28612469268805
          },
          {
            "ì›”": "2025-02",
            "ë¹„ìš©": 431945,
            "ì „í™˜ìˆ˜": 4,
            "ì „í™˜ê°’": 465500,
            "ROAS": 107.76835013717023
          },
          {
            "ì›”": "2025-03",
            "ë¹„ìš©": 415217,
            "ì „í™˜ìˆ˜": 11,
            "ì „í™˜ê°’": 1257350,
            "ROAS": 302.8175628647189
          },
          {
            "ì›”": "2025-04",
            "ë¹„ìš©": 302395,
            "ì „í™˜ìˆ˜": 4,
            "ì „í™˜ê°’": 171000,
            "ROAS": 56.548554043552315
          },
          {
            "ì›”": "2025-05",
            "ë¹„ìš©": 554898,
            "ì „í™˜ìˆ˜": 12,
            "ì „í™˜ê°’": 1544700,
            "ROAS": 278.3754852243115
          },
          {
            "ì›”": "2025-06",
            "ë¹„ìš©": 666292,
            "ì „í™˜ìˆ˜": 6,
            "ì „í™˜ê°’": 822300,
            "ROAS": 123.41435886968478
          },
          {
            "ì›”": "2025-07",
            "ë¹„ìš©": 375790,
            "ì „í™˜ìˆ˜": 3,
            "ì „í™˜ê°’": 366400,
            "ROAS": 97.50126400383192
          },
          {
            "ì›”": "2025-08",
            "ë¹„ìš©": 592693,
            "ì „í™˜ìˆ˜": 4,
            "ì „í™˜ê°’": 418400,
            "ROAS": 70.59303889197274
          },
          {
            "ì›”": "2025-09",
            "ë¹„ìš©": 559587,
            "ì „í™˜ìˆ˜": 13,
            "ì „í™˜ê°’": 1637250,
            "ROAS": 292.5818505433472
          },
          {
            "ì›”": "2025-10",
            "ë¹„ìš©": 403212,
            "ì „í™˜ìˆ˜": 3,
            "ì „í™˜ê°’": 391100,
            "ROAS": 96.99612114718808
          },
          {
            "ì›”": "2025-11",
            "ë¹„ìš©": 482535,
            "ì „í™˜ìˆ˜": 5,
            "ì „í™˜ê°’": 368400,
            "ROAS": 76.34679349684478
          },
          {
            "ì›”": "2025-12",
            "ë¹„ìš©": 46502,
            "ì „í™˜ìˆ˜": 1,
            "ì „í™˜ê°’": 44300,
            "ROAS": 95.26471979699798
          }
        ]
      },
      {
        "age": "45ì„¸ ~ 54ì„¸",
        "months_data": [
          {
            "ì›”": "2024-11",
            "ë¹„ìš©": 306765,
            "ì „í™˜ìˆ˜": 5,
            "ì „í™˜ê°’": 717250,
            "ROAS": 233.81089759261977
          },
          {
            "ì›”": "2024-12",
            "ë¹„ìš©": 345156,
            "ì „í™˜ìˆ˜": 5,
            "ì „í™˜ê°’": 582500,
            "ROAS": 168.76426891028984
          },
          {
            "ì›”": "2025-01",
            "ë¹„ìš©": 232729,
            "ì „í™˜ìˆ˜": 8,
            "ì „í™˜ê°’": 1053100,
            "ROAS": 452.5005478474965
          },
          {
            "ì›”": "2025-02",
            "ë¹„ìš©": 233390,
            "ì „í™˜ìˆ˜": 4,
            "ì „í™˜ê°’": 625000,
            "ROAS": 267.79210763100394
          },
          {
            "ì›”": "2025-03",
            "ë¹„ìš©": 343639,
            "ì „í™˜ìˆ˜": 15,
            "ì „í™˜ê°’": 1089800,
            "ROAS": 317.13513309024876
          },
          {
            "ì›”": "2025-04",
            "ë¹„ìš©": 188812,
            "ì „í™˜ìˆ˜": 2,
            "ì „í™˜ê°’": 212500,
            "ROAS": 112.54581276613776
          },
          {
            "ì›”": "2025-05",
            "ë¹„ìš©": 263587,
            "ì „í™˜ìˆ˜": 7,
            "ì „í™˜ê°’": 823700,
            "ROAS": 312.4964432995557
          },
          {
            "ì›”": "2025-06",
            "ë¹„ìš©": 478810,
            "ì „í™˜ìˆ˜": 10,
            "ì „í™˜ê°’": 1023600,
            "ROAS": 213.77999624068002
          },
          {
            "ì›”": "2025-07",
            "ë¹„ìš©": 254056,
            "ì „í™˜ìˆ˜": 1,
            "ì „í™˜ê°’": 65400,
            "ROAS": 25.742356015996474
          },
          {
            "ì›”": "2025-08",
            "ë¹„ìš©": 379846,
            "ì „í™˜ìˆ˜": 5,
            "ì „í™˜ê°’": 866800,
            "ROAS": 228.19774329596729
          },
          {
            "ì›”": "2025-09",
            "ë¹„ìš©": 428799,
            "ì „í™˜ìˆ˜": 8,
            "ì „í™˜ê°’": 1012100,
            "ROAS": 236.03133402829766
          },
          {
            "ì›”": "2025-10",
            "ë¹„ìš©": 278610,
            "ì „í™˜ìˆ˜": 1,
            "ì „í™˜ê°’": 193800,
            "ROAS": 69.55959944007752
          },
          {
            "ì›”": "2025-11",
            "ë¹„ìš©": 602988,
            "ì „í™˜ìˆ˜": 9,
            "ì „í™˜ê°’": 891300,
            "ROAS": 147.81388684351927
          },
          {
            "ì›”": "2025-12",
            "ë¹„ìš©": 57962,
            "ì „í™˜ìˆ˜": 1,
            "ì „í™˜ê°’": 113700,
            "ROAS": 196.16300334702046
          }
        ]
      },
      {
        "age": "55ì„¸ ~ 64ì„¸",
        "months_data": [
          {
            "ì›”": "2024-11",
            "ë¹„ìš©": 51052,
            "ì „í™˜ìˆ˜": 1,
            "ì „í™˜ê°’": 140000,
            "ROAS": 274.2301966622267
          },
          {
            "ì›”": "2024-12",
            "ë¹„ìš©": 83767,
            "ì „í™˜ìˆ˜": 0,
            "ì „í™˜ê°’": 0,
            "ROAS": 0.0
          },
          {
            "ì›”": "2025-01",
            "ë¹„ìš©": 53142,
            "ì „í™˜ìˆ˜": 1,
            "ì „í™˜ê°’": 140000,
            "ROAS": 263.44510932972037
          },
          {
            "ì›”": "2025-02",
            "ë¹„ìš©": 44447,
            "ì „í™˜ìˆ˜": 0,
            "ì „í™˜ê°’": 0,
            "ROAS": 0.0
          },
          {
            "ì›”": "2025-03",
            "ë¹„ìš©": 90865,
            "ì „í™˜ìˆ˜": 5,
            "ì „í™˜ê°’": 209450,
            "ROAS": 230.50679579596104
          },
          {
            "ì›”": "2025-04",
            "ë¹„ìš©": 59324,
            "ì „í™˜ìˆ˜": 1,
            "ì „í™˜ê°’": 39000,
            "ROAS": 65.74067830894748
          },
          {
            "ì›”": "2025-05",
            "ë¹„ìš©": 49003,
            "ì „í™˜ìˆ˜": 4,
            "ì „í™˜ê°’": 461500,
            "ROAS": 941.7790747505254
          },
          {
            "ì›”": "2025-06",
            "ë¹„ìš©": 104309,
            "ì „í™˜ìˆ˜": 3,
            "ì „í™˜ê°’": 266800,
            "ROAS": 255.77850425179034
          },
          {
            "ì›”": "2025-07",
            "ë¹„ìš©": 77877,
            "ì „í™˜ìˆ˜": 2,
            "ì „í™˜ê°’": 221400,
            "ROAS": 284.2944643476251
          },
          {
            "ì›”": "2025-08",
            "ë¹„ìš©": 78407,
            "ì „í™˜ìˆ˜": 2,
            "ì „í™˜ê°’": 219900,
            "ROAS": 280.4596528371191
          },
          {
            "ì›”": "2025-09",
            "ë¹„ìš©": 101752,
            "ì „í™˜ìˆ˜": 2,
            "ì „í™˜ê°’": 214200,
            "ROAS": 210.5118326912493
          },
          {
            "ì›”": "2025-10",
            "ë¹„ìš©": 61675,
            "ì „í™˜ìˆ˜": 0,
            "ì „í™˜ê°’": 0,
            "ROAS": 0.0
          },
          {
            "ì›”": "2025-11",
            "ë¹„ìš©": 260179,
            "ì „í™˜ìˆ˜": 3,
            "ì „í™˜ê°’": 454000,
            "ROAS": 174.49525134618858
          },
          {
            "ì›”": "2025-12",
            "ë¹„ìš©": 26243,
            "ì „í™˜ìˆ˜": 0,
            "ì „í™˜ê°’": 0,
            "ROAS": 0.0
          }
        ]
      },
      {
        "age": "65ì„¸ ì´ìƒ",
        "months_data": [
          {
            "ì›”": "2024-11",
            "ë¹„ìš©": 9350,
            "ì „í™˜ìˆ˜": 0,
            "ì „í™˜ê°’": 0,
            "ROAS": 0.0
          },
          {
            "ì›”": "2024-12",
            "ë¹„ìš©": 24404,
            "ì „í™˜ìˆ˜": 0,
            "ì „í™˜ê°’": 0,
            "ROAS": 0.0
          },
          {
            "ì›”": "2025-01",
            "ë¹„ìš©": 10238,
            "ì „í™˜ìˆ˜": 1,
            "ì „í™˜ê°’": 165750,
            "ROAS": 1618.9685485446375
          },
          {
            "ì›”": "2025-02",
            "ë¹„ìš©": 6953,
            "ì „í™˜ìˆ˜": 0,
            "ì „í™˜ê°’": 0,
            "ROAS": 0.0
          },
          {
            "ì›”": "2025-03",
            "ë¹„ìš©": 11062,
            "ì „í™˜ìˆ˜": 1,
            "ì „í™˜ê°’": 44250,
            "ROAS": 400.0180799132164
          },
          {
            "ì›”": "2025-04",
            "ë¹„ìš©": 10732,
            "ì „í™˜ìˆ˜": 0,
            "ì „í™˜ê°’": 0,
            "ROAS": 0.0
          },
          {
            "ì›”": "2025-05",
            "ë¹„ìš©": 8975,
            "ì „í™˜ìˆ˜": 0,
            "ì „í™˜ê°’": 0,
            "ROAS": 0.0
          },
          {
            "ì›”": "2025-06",
            "ë¹„ìš©": 10895,
            "ì „í™˜ìˆ˜": 0,
            "ì „í™˜ê°’": 0,
            "ROAS": 0.0
          },
          {
            "ì›”": "2025-07",
            "ë¹„ìš©": 18969,
            "ì „í™˜ìˆ˜": 0,
            "ì „í™˜ê°’": 0,
            "ROAS": 0.0
          },
          {
            "ì›”": "2025-08",
            "ë¹„ìš©": 13961,
            "ì „í™˜ìˆ˜": 0,
            "ì „í™˜ê°’": 0,
            "ROAS": 0.0
          },
          {
            "ì›”": "2025-09",
            "ë¹„ìš©": 10595,
            "ì „í™˜ìˆ˜": 0,
            "ì „í™˜ê°’": 0,
            "ROAS": 0.0
          },
          {
            "ì›”": "2025-10",
            "ë¹„ìš©": 11346,
            "ì „í™˜ìˆ˜": 0,
            "ì „í™˜ê°’": 0,
            "ROAS": 0.0
          },
          {
            "ì›”": "2025-11",
            "ë¹„ìš©": 36790,
            "ì „í™˜ìˆ˜": 0,
            "ì „í™˜ê°’": 0,
            "ROAS": 0.0
          },
          {
            "ì›”": "2025-12",
            "ë¹„ìš©": 3284,
            "ì „í™˜ìˆ˜": 0,
            "ì „í™˜ê°’": 0,
            "ROAS": 0.0
          }
        ]
      }
    ],
    "age_weekly_trend": [
      {
        "age": "19ì„¸ ~ 24ì„¸",
        "weeks_data": [
          {
            "ì£¼": "2025-09-29/2025-10-05",
            "ë¹„ìš©": 10505,
            "ì „í™˜ìˆ˜": 0,
            "ì „í™˜ê°’": 0,
            "ROAS": 0.0
          },
          {
            "ì£¼": "2025-10-20/2025-10-26",
            "ë¹„ìš©": 15305,
            "ì „í™˜ìˆ˜": 0,
            "ì „í™˜ê°’": 0,
            "ROAS": 0.0
          },
          {
            "ì£¼": "2025-10-27/2025-11-02",
            "ë¹„ìš©": 8941,
            "ì „í™˜ìˆ˜": 0,
            "ì „í™˜ê°’": 0,
            "ROAS": 0.0
          },
          {
            "ì£¼": "2025-11-03/2025-11-09",
            "ë¹„ìš©": 8790,
            "ì „í™˜ìˆ˜": 0,
            "ì „í™˜ê°’": 0,
            "ROAS": 0.0
          },
          {
            "ì£¼": "2025-11-10/2025-11-16",
            "ë¹„ìš©": 0,
            "ì „í™˜ìˆ˜": 0,
            "ì „í™˜ê°’": 0,
            "ROAS": 0.0
          },
          {
            "ì£¼": "2025-11-17/2025-11-23",
            "ë¹„ìš©": 8608,
            "ì „í™˜ìˆ˜": 1,
            "ì „í™˜ê°’": 117000,
            "ROAS": 1359.2007434944237
          },
          {
            "ì£¼": "2025-11-24/2025-11-30",
            "ë¹„ìš©": 8241,
            "ì „í™˜ìˆ˜": 1,
            "ì „í™˜ê°’": 44300,
            "ROAS": 537.556121829875
          },
          {
            "ì£¼": "2025-12-01/2025-12-07",
            "ë¹„ìš©": 3493,
            "ì „í™˜ìˆ˜": 1,
            "ì „í™˜ê°’": 100500,
            "ROAS": 2877.182937303178
          }
        ]
      },
      {
        "age": "25ì„¸ ~ 34ì„¸",
        "weeks_data": [
          {
            "ì£¼": "2025-09-29/2025-10-05",
            "ë¹„ìš©": 125288,
            "ì „í™˜ìˆ˜": 0,
            "ì „í™˜ê°’": 0,
            "ROAS": 0.0
          },
          {
            "ì£¼": "2025-10-06/2025-10-12",
            "ë¹„ìš©": 0,
            "ì „í™˜ìˆ˜": 0,
            "ì „í™˜ê°’": 0,
            "ROAS": 0.0
          },
          {
            "ì£¼": "2025-10-20/2025-10-26",
            "ë¹„ìš©": 146655,
            "ì „í™˜ìˆ˜": 0,
            "ì „í™˜ê°’": 0,
            "ROAS": 0.0
          },
          {
            "ì£¼": "2025-10-27/2025-11-02",
            "ë¹„ìš©": 83221,
            "ì „í™˜ìˆ˜": 0,
            "ì „í™˜ê°’": 0,
            "ROAS": 0.0
          },
          {
            "ì£¼": "2025-11-03/2025-11-09",
            "ë¹„ìš©": 91315,
            "ì „í™˜ìˆ˜": 1,
            "ì „í™˜ê°’": 126000,
            "ROAS": 137.9839018781142
          },
          {
            "ì£¼": "2025-11-17/2025-11-23",
            "ë¹„ìš©": 89779,
            "ì „í™˜ìˆ˜": 1,
            "ì „í™˜ê°’": 160100,
            "ROAS": 178.32678020472494
          },
          {
            "ì£¼": "2025-11-24/2025-11-30",
            "ë¹„ìš©": 59109,
            "ì „í™˜ìˆ˜": 2,
            "ì „í™˜ê°’": 285000,
            "ROAS": 482.1600771456123
          },
          {
            "ì£¼": "2025-12-01/2025-12-07",
            "ë¹„ìš©": 31527,
            "ì „í™˜ìˆ˜": 2,
            "ì „í™˜ê°’": 194800,
            "ROAS": 617.8830843404066
          }
        ]
      },
      {
        "age": "35ì„¸ ~ 44ì„¸",
        "weeks_data": [
          {
            "ì£¼": "2025-10-06/2025-10-12",
            "ë¹„ìš©": 0,
            "ì „í™˜ìˆ˜": 0,
            "ì „í™˜ê°’": 0,
            "ROAS": 0.0
          },
          {
            "ì£¼": "2025-10-20/2025-10-26",
            "ë¹„ìš©": 184633,
            "ì „í™˜ìˆ˜": 1,
            "ì „í™˜ê°’": 268200,
            "ROAS": 145.26113966625684
          },
          {
            "ì£¼": "2025-10-27/2025-11-02",
            "ë¹„ìš©": 84922,
            "ì „í™˜ìˆ˜": 1,
            "ì „í™˜ê°’": 78600,
            "ROAS": 92.5555215374108
          },
          {
            "ì£¼": "2025-11-03/2025-11-09",
            "ë¹„ìš©": 141565,
            "ì „í™˜ìˆ˜": 2,
            "ì „í™˜ê°’": 127000,
            "ROAS": 89.71143997456998
          },
          {
            "ì£¼": "2025-11-10/2025-11-16",
            "ë¹„ìš©": 0,
            "ì „í™˜ìˆ˜": 1,
            "ì „í™˜ê°’": 66600,
            "ROAS": 0.0
          },
          {
            "ì£¼": "2025-11-17/2025-11-23",
            "ë¹„ìš©": 163049,
            "ì „í™˜ìˆ˜": 0,
            "ì „í™˜ê°’": 0,
            "ROAS": 0.0
          },
          {
            "ì£¼": "2025-11-24/2025-11-30",
            "ë¹„ìš©": 123433,
            "ì „í™˜ìˆ˜": 2,
            "ì „í™˜ê°’": 174800,
            "ROAS": 141.6152892662416
          },
          {
            "ì£¼": "2025-12-01/2025-12-07",
            "ë¹„ìš©": 46502,
            "ì „í™˜ìˆ˜": 1,
            "ì „í™˜ê°’": 44300,
            "ROAS": 95.26471979699798
          }
        ]
      },
      {
        "age": "45ì„¸ ~ 54ì„¸",
        "weeks_data": [
          {
            "ì£¼": "2025-10-06/2025-10-12",
            "ë¹„ìš©": 0,
            "ì „í™˜ìˆ˜": 0,
            "ì „í™˜ê°’": 0,
            "ROAS": 0.0
          },
          {
            "ì£¼": "2025-10-20/2025-10-26",
            "ë¹„ìš©": 121937,
            "ì „í™˜ìˆ˜": 1,
            "ì „í™˜ê°’": 193800,
            "ROAS": 158.93453176640395
          },
          {
            "ì£¼": "2025-10-27/2025-11-02",
            "ë¹„ìš©": 71838,
            "ì „í™˜ìˆ˜": 0,
            "ì „í™˜ê°’": 0,
            "ROAS": 0.0
          },
          {
            "ì£¼": "2025-11-03/2025-11-09",
            "ë¹„ìš©": 178016,
            "ì „í™˜ìˆ˜": 5,
            "ì „í™˜ê°’": 525400,
            "ROAS": 295.14200970699267
          },
          {
            "ì£¼": "2025-11-10/2025-11-16",
            "ë¹„ìš©": 0,
            "ì „í™˜ìˆ˜": 0,
            "ì „í™˜ê°’": 0,
            "ROAS": 0.0
          },
          {
            "ì£¼": "2025-11-17/2025-11-23",
            "ë¹„ìš©": 207823,
            "ì „í™˜ìˆ˜": 2,
            "ì „í™˜ê°’": 212600,
            "ROAS": 102.29859062760138
          },
          {
            "ì£¼": "2025-11-24/2025-11-30",
            "ë¹„ìš©": 161677,
            "ì „í™˜ìˆ˜": 2,
            "ì „í™˜ê°’": 153300,
            "ROAS": 94.81868169251038
          },
          {
            "ì£¼": "2025-12-01/2025-12-07",
            "ë¹„ìš©": 57962,
            "ì „í™˜ìˆ˜": 1,
            "ì „í™˜ê°’": 113700,
            "ROAS": 196.16300334702046
          }
        ]
      },
      {
        "age": "55ì„¸ ~ 64ì„¸",
        "weeks_data": [
          {
            "ì£¼": "2025-09-22/2025-09-28",
            "ë¹„ìš©": 28182,
            "ì „í™˜ìˆ˜": 1,
            "ì „í™˜ê°’": 100500,
            "ROAS": 356.6106025122418
          },
          {
            "ì£¼": "2025-09-29/2025-10-05",
            "ë¹„ìš©": 29197,
            "ì „í™˜ìˆ˜": 0,
            "ì „í™˜ê°’": 0,
            "ROAS": 0.0
          },
          {
            "ì£¼": "2025-10-20/2025-10-26",
            "ë¹„ìš©": 31318,
            "ì „í™˜ìˆ˜": 0,
            "ì „í™˜ê°’": 0,
            "ROAS": 0.0
          },
          {
            "ì£¼": "2025-10-27/2025-11-02",
            "ë¹„ìš©": 29621,
            "ì „í™˜ìˆ˜": 0,
            "ì „í™˜ê°’": 0,
            "ROAS": 0.0
          },
          {
            "ì£¼": "2025-11-03/2025-11-09",
            "ë¹„ìš©": 70603,
            "ì „í™˜ìˆ˜": 0,
            "ì „í™˜ê°’": 0,
            "ROAS": 0.0
          },
          {
            "ì£¼": "2025-11-17/2025-11-23",
            "ë¹„ìš©": 95527,
            "ì „í™˜ìˆ˜": 2,
            "ì „í™˜ê°’": 215600,
            "ROAS": 225.6953531462309
          },
          {
            "ì£¼": "2025-11-24/2025-11-30",
            "ë¹„ìš©": 65588,
            "ì „í™˜ìˆ˜": 1,
            "ì „í™˜ê°’": 238400,
            "ROAS": 363.4811245959627
          },
          {
            "ì£¼": "2025-12-01/2025-12-07",
            "ë¹„ìš©": 26243,
            "ì „í™˜ìˆ˜": 0,
            "ì „í™˜ê°’": 0,
            "ROAS": 0.0
          }
        ]
      },
      {
        "age": "65ì„¸ ì´ìƒ",
        "weeks_data": [
          {
            "ì£¼": "2025-09-22/2025-09-28",
            "ë¹„ìš©": 1404,
            "ì „í™˜ìˆ˜": 0,
            "ì „í™˜ê°’": 0,
            "ROAS": 0.0
          },
          {
            "ì£¼": "2025-09-29/2025-10-05",
            "ë¹„ìš©": 8327,
            "ì „í™˜ìˆ˜": 0,
            "ì „í™˜ê°’": 0,
            "ROAS": 0.0
          },
          {
            "ì£¼": "2025-10-20/2025-10-26",
            "ë¹„ìš©": 2922,
            "ì „í™˜ìˆ˜": 0,
            "ì „í™˜ê°’": 0,
            "ROAS": 0.0
          },
          {
            "ì£¼": "2025-10-27/2025-11-02",
            "ë¹„ìš©": 5964,
            "ì „í™˜ìˆ˜": 0,
            "ì „í™˜ê°’": 0,
            "ROAS": 0.0
          },
          {
            "ì£¼": "2025-11-03/2025-11-09",
            "ë¹„ìš©": 10935,
            "ì „í™˜ìˆ˜": 0,
            "ì „í™˜ê°’": 0,
            "ROAS": 0.0
          },
          {
            "ì£¼": "2025-11-17/2025-11-23",
            "ë¹„ìš©": 11040,
            "ì „í™˜ìˆ˜": 0,
            "ì „í™˜ê°’": 0,
            "ROAS": 0.0
          },
          {
            "ì£¼": "2025-11-24/2025-11-30",
            "ë¹„ìš©": 8948,
            "ì „í™˜ìˆ˜": 0,
            "ì „í™˜ê°’": 0,
            "ROAS": 0.0
          },
          {
            "ì£¼": "2025-12-01/2025-12-07",
            "ë¹„ìš©": 3284,
            "ì „í™˜ìˆ˜": 0,
            "ì „í™˜ê°’": 0,
            "ROAS": 0.0
          }
        ]
      }
    ]
  },
  "timeseries_insights": [
    {
      "type": "revenue_drop",
      "message": "2025-12 ë§¤ì¶œì´ ì „ì›” ëŒ€ë¹„ 81.5% ê°ì†Œí–ˆìŠµë‹ˆë‹¤. ì›ì¸ ë¶„ì„ì´ í•„ìš”í•©ë‹ˆë‹¤.",
      "severity": "warning",
      "value": -81.46845999754711
    },
    {
      "type": "weekly_revenue_drop",
      "message": "2025-12-01/2025-12-07 ì£¼ê°„ ë§¤ì¶œì´ ì „ì£¼ ëŒ€ë¹„ 49.4% ê°ì†Œí–ˆìŠµë‹ˆë‹¤. ì¦‰ê°ì ì¸ ì ê²€ì´ í•„ìš”í•©ë‹ˆë‹¤.",
      "severity": "warning",
      "value": -49.39718687206966
    }
  ],
  "prophet_forecast": {
    "summary": {
      "overall": {
        "forecast_period": {
          "start_date": "2025-12-04",
          "end_date": "2026-01-02",
          "total_days": 30
        },
        "total_forecast_revenue": 20299973.4421387,
        "avg_daily_forecast": 676665.7814046234,
        "avg_forecast_roas": 195.58118167682784,
        "avg_forecast_cpa": 48820.145239790014,
        "total_forecast_cost": 10379308.105256125,
        "total_forecast_conversions": 212.6029747407767
      }
    },
    "by_category": [
      {
        "category": "ë©”íƒ€_ì „í™˜",
        "total_30day_forecast": 4059994.6884277402,
        "avg_daily_forecast": 135333.15628092468,
        "trend_direction": "í•˜ë½",
        "first_week_avg": 141939.3339270461,
        "last_week_avg": 118440.38580260973,
        "avg_forecast_roas": 184.63702828124897,
        "avg_forecast_cpa": 51713.90475960222
      }
    ],
    "by_brand": [
      {
        "brand": "ê¸°íƒ€",
        "total_30day_forecast": 4592765.189889382,
        "avg_daily_forecast": 153092.17299631273,
        "avg_forecast_roas": 341.9194424360815,
        "avg_forecast_cpa": 30470.475433269217,
        "total_forecast_cost": 1343230.1939799618
      },
      {
        "brand": "ë©”ì¢…",
        "total_30day_forecast": 0.0,
        "avg_daily_forecast": null,
        "avg_forecast_roas": 0.0,
        "avg_forecast_cpa": 0.0,
        "total_forecast_cost": 1139271.7450736305
      },
      {
        "brand": "ê¹Œë¥´ë²µ",
        "total_30day_forecast": 0.0,
        "avg_daily_forecast": null,
        "avg_forecast_roas": 0.0,
        "avg_forecast_cpa": 0.0,
        "total_forecast_cost": 579107.3503559838
      },
      {
        "brand": "íˆ¬í¬ì‹ìŠ¤",
        "total_30day_forecast": 0.0,
        "avg_daily_forecast": null,
        "avg_forecast_roas": 0.0,
        "avg_forecast_cpa": 0.0,
        "total_forecast_cost": 94422.88716222203
      }
    ],
    "by_product": [
      {
        "product": "ê¸°íƒ€",
        "total_30day_forecast": 4186984.959209344,
        "avg_daily_forecast": 139566.16530697813,
        "avg_forecast_roas": 287.1354808181974,
        "avg_forecast_cpa": 47379.485064115666,
        "total_forecast_cost": 1458191.4249254253
      },
      {
        "product": "ì‹œê³„",
        "total_30day_forecast": 632253.3684765991,
        "avg_daily_forecast": 21075.112282553302,
        "avg_forecast_roas": 107.28538818210819,
        "avg_forecast_cpa": 99102.71224279435,
        "total_forecast_cost": 589319.178678275
      },
      {
        "product": "ê°€ë°©",
        "total_30day_forecast": 0.0,
        "avg_daily_forecast": null,
        "avg_forecast_roas": 0.0,
        "avg_forecast_cpa": 0.0,
        "total_forecast_cost": 824680.9594422869
      },
      {
        "product": "ë³¼ìº¡",
        "total_30day_forecast": 0.0,
        "avg_daily_forecast": null,
        "avg_forecast_roas": 0.0,
        "avg_forecast_cpa": 0.0,
        "total_forecast_cost": 27353.470613700254
      },
      {
        "product": "ì…”ì¸ ",
        "total_30day_forecast": 0.0,
        "avg_daily_forecast": null,
        "avg_forecast_roas": 0.0,
        "avg_forecast_cpa": 0.0,
        "total_forecast_cost": 160971.19051184965
      }
    ],
    "by_gender": [
      {
        "gender": "ì—¬ì„±",
        "total_30day_forecast": 3672915.89569155,
        "avg_daily_forecast": 122430.529856385,
        "avg_forecast_roas": 188.91126083457425,
        "avg_forecast_cpa": 54020.5542008222,
        "total_forecast_cost": 1944254.6089975268
      },
      {
        "gender": "ë‚¨ì„±",
        "total_30day_forecast": 0.0,
        "avg_daily_forecast": null,
        "avg_forecast_roas": 0.0,
        "avg_forecast_cpa": 0.0,
        "total_forecast_cost": 118692.04821603361
      }
    ],
    "by_age": [
      {
        "age": "35ì„¸ ~ 44ì„¸",
        "total_30day_forecast": 2086282.4813198352,
        "avg_daily_forecast": 69542.74937732784,
        "avg_forecast_roas": 374.71788297005617,
        "avg_forecast_cpa": 17897.486362252963,
        "total_forecast_cost": 556760.8529338726
      },
      {
        "age": "45ì„¸ ~ 54ì„¸",
        "total_30day_forecast": 1981555.3987117994,
        "avg_daily_forecast": 66051.84662372664,
        "avg_forecast_roas": 249.04323354413447,
        "avg_forecast_cpa": 32344.336648764394,
        "total_forecast_cost": 795667.2303488366
      },
      {
        "age": "19ì„¸ ~ 24ì„¸",
        "total_30day_forecast": 0.0,
        "avg_daily_forecast": null,
        "avg_forecast_roas": 0.0,
        "avg_forecast_cpa": 0.0,
        "total_forecast_cost": 10164.527205250308
      },
      {
        "age": "25ì„¸ ~ 34ì„¸",
        "total_30day_forecast": 0.0,
        "avg_daily_forecast": null,
        "avg_forecast_roas": 0.0,
        "avg_forecast_cpa": 0.0,
        "total_forecast_cost": 297035.004464904
      },
      {
        "age": "55ì„¸ ~ 64ì„¸",
        "total_30day_forecast": 0.0,
        "avg_daily_forecast": null,
        "avg_forecast_roas": 0.0,
        "avg_forecast_cpa": 0.0,
        "total_forecast_cost": 376314.9856720058
      },
      {
        "age": "65ì„¸ ì´ìƒ",
        "total_30day_forecast": 0.0,
        "avg_daily_forecast": null,
        "avg_forecast_roas": 0.0,
        "avg_forecast_cpa": 0.0,
        "total_forecast_cost": 49446.15639586515
      }
    ],
    "by_device": [
      {
        "device": "ì•ˆë“œë¡œì´ë“œ",
        "total_30day_forecast": 3447857.009359396,
        "avg_daily_forecast": 114928.56697864653,
        "avg_forecast_roas": 300.62266100892913,
        "avg_forecast_cpa": 33916.65421103738,
        "total_forecast_cost": 1146905.2259027762
      },
      {
        "device": "ì• í”Œ",
        "total_30day_forecast": 3255820.976029595,
        "avg_daily_forecast": 108527.36586765316,
        "avg_forecast_roas": 352.2197285780914,
        "avg_forecast_cpa": 24788.640077816992,
        "total_forecast_cost": 924372.1211112511
      },
      {
        "device": "ì›¹",
        "total_30day_forecast": 0.0,
        "avg_daily_forecast": null,
        "avg_forecast_roas": 0.0,
        "avg_forecast_cpa": 0.0,
        "total_forecast_cost": 7986.732397289136
      }
    ],
    "by_platform": [
      {
        "platform": "Instagram",
        "total_30day_forecast": 3704485.8013821486,
        "avg_daily_forecast": 123482.86004607163,
        "avg_forecast_roas": 239.51840102907292,
        "avg_forecast_cpa": 36858.03342365321,
        "total_forecast_cost": 1546639.3335401798
      },
      {
        "platform": "Facebook",
        "total_30day_forecast": 0.0,
        "avg_daily_forecast": null,
        "avg_forecast_roas": 0.0,
        "avg_forecast_cpa": 0.0,
        "total_forecast_cost": 483718.8952046898
      },
      {
        "platform": "Audience Network",
        "total_30day_forecast": 0.0,
        "avg_daily_forecast": null,
        "avg_forecast_roas": 0.0,
        "avg_forecast_cpa": 0.0,
        "total_forecast_cost": 16510.675925870328
      },
      {
        "platform": "Messenger",
        "total_30day_forecast": 0.0,
        "avg_daily_forecast": null,
        "avg_forecast_roas": 0.0,
        "avg_forecast_cpa": 0.0,
        "total_forecast_cost": 666.727978850908
      },
      {
        "platform": "threads",
        "total_30day_forecast": 0.0,
        "avg_daily_forecast": null,
        "avg_forecast_roas": 0.0,
        "avg_forecast_cpa": 0.0,
        "total_forecast_cost": 30316.475305355292
      }
    ],
    "by_deviceplatform": [
      {
        "deviceplatform": "ì•±",
        "total_30day_forecast": 3942702.597748393,
        "avg_daily_forecast": 131423.41992494644,
        "avg_forecast_roas": 191.18768782006657,
        "avg_forecast_cpa": 49693.49585487357,
        "total_forecast_cost": 2062215.7434421242
      },
      {
        "deviceplatform": "ì›¹",
        "total_30day_forecast": 0.0,
        "avg_daily_forecast": null,
        "avg_forecast_roas": 0.0,
        "avg_forecast_cpa": 0.0,
        "total_forecast_cost": 7986.732397289136
      },
      {
        "deviceplatform": "ëª¨ë°”ì¼ì›¹",
        "total_30day_forecast": 0.0,
        "avg_daily_forecast": null,
        "avg_forecast_roas": 0.0,
        "avg_forecast_cpa": 0.0,
        "total_forecast_cost": 4986.266389050526
      }
    ],
    "by_promotion": [
      {
        "promotion": "ê¸°íƒ€",
        "total_30day_forecast": 4059994.6884277402,
        "avg_daily_forecast": 135333.15628092468,
        "avg_forecast_roas": 195.58118167682784,
        "avg_forecast_cpa": 48820.145239790014,
        "total_forecast_cost": 2075861.6210512253
      }
    ],
    "by_age_gender": [
      {
        "age_gender": "35ì„¸ ~ 44ì„¸_ì—¬ì„±",
        "age": "35ì„¸ ~ 44ì„¸",
        "gender": "ì—¬ì„±",
        "total_30day_forecast": 2143628.5499292957,
        "avg_daily_forecast": 71454.28499764319,
        "avg_forecast_roas": 398.0809313402496,
        "avg_forecast_cpa": 17439.773819041482,
        "total_forecast_cost": 538490.6387533251,
        "total_forecast_conversions": 30.877157257932915
      },
      {
        "age_gender": "45ì„¸ ~ 54ì„¸_ì—¬ì„±",
        "age": "45ì„¸ ~ 54ì„¸",
        "gender": "ì—¬ì„±",
        "total_30day_forecast": 1981555.3987117994,
        "avg_daily_forecast": 66051.84662372664,
        "avg_forecast_roas": 265.8686176516685,
        "avg_forecast_cpa": 30297.43885155295,
        "total_forecast_cost": 745313.762945863,
        "total_forecast_conversions": 24.599893297834335
      },
      {
        "age_gender": "19ì„¸ ~ 24ì„¸_ë‚¨ì„±",
        "age": "19ì„¸ ~ 24ì„¸",
        "gender": "ë‚¨ì„±",
        "total_30day_forecast": 0.0,
        "avg_daily_forecast": null,
        "avg_forecast_roas": 0.0,
        "avg_forecast_cpa": 0.0,
        "total_forecast_cost": 3071.7012573878114,
        "total_forecast_conversions": 0.0
      },
      {
        "age_gender": "19ì„¸ ~ 24ì„¸_ì—¬ì„±",
        "age": "19ì„¸ ~ 24ì„¸",
        "gender": "ì—¬ì„±",
        "total_30day_forecast": 0.0,
        "avg_daily_forecast": null,
        "avg_forecast_roas": 0.0,
        "avg_forecast_cpa": 0.0,
        "total_forecast_cost": 7083.549154403477,
        "total_forecast_conversions": 0.0
      },
      {
        "age_gender": "25ì„¸ ~ 34ì„¸_ë‚¨ì„±",
        "age": "25ì„¸ ~ 34ì„¸",
        "gender": "ë‚¨ì„±",
        "total_30day_forecast": 0.0,
        "avg_daily_forecast": null,
        "avg_forecast_roas": 0.0,
        "avg_forecast_cpa": 0.0,
        "total_forecast_cost": 26784.29826968459,
        "total_forecast_conversions": 0.0
      },
      {
        "age_gender": "25ì„¸ ~ 34ì„¸_ì—¬ì„±",
        "age": "25ì„¸ ~ 34ì„¸",
        "gender": "ì—¬ì„±",
        "total_30day_forecast": 0.0,
        "avg_daily_forecast": null,
        "avg_forecast_roas": 0.0,
        "avg_forecast_cpa": 0.0,
        "total_forecast_cost": 268912.85557383206,
        "total_forecast_conversions": 0.0
      },
      {
        "age_gender": "35ì„¸ ~ 44ì„¸_ë‚¨ì„±",
        "age": "35ì„¸ ~ 44ì„¸",
        "gender": "ë‚¨ì„±",
        "total_30day_forecast": 0.0,
        "avg_daily_forecast": null,
        "avg_forecast_roas": 0.0,
        "avg_forecast_cpa": 0.0,
        "total_forecast_cost": 15063.757044777187,
        "total_forecast_conversions": 0.0
      },
      {
        "age_gender": "45ì„¸ ~ 54ì„¸_ë‚¨ì„±",
        "age": "45ì„¸ ~ 54ì„¸",
        "gender": "ë‚¨ì„±",
        "total_30day_forecast": 0.0,
        "avg_daily_forecast": null,
        "avg_forecast_roas": 0.0,
        "avg_forecast_cpa": 0.0,
        "total_forecast_cost": 47609.5185743126,
        "total_forecast_conversions": 0.0
      },
      {
        "age_gender": "55ì„¸ ~ 64ì„¸_ë‚¨ì„±",
        "age": "55ì„¸ ~ 64ì„¸",
        "gender": "ë‚¨ì„±",
        "total_30day_forecast": 0.0,
        "avg_daily_forecast": null,
        "avg_forecast_roas": 0.0,
        "avg_forecast_cpa": 0.0,
        "total_forecast_cost": 24148.675257494724,
        "total_forecast_conversions": 0.0
      },
      {
        "age_gender": "55ì„¸ ~ 64ì„¸_ì—¬ì„±",
        "age": "55ì„¸ ~ 64ì„¸",
        "gender": "ì—¬ì„±",
        "total_30day_forecast": 0.0,
        "avg_daily_forecast": null,
        "avg_forecast_roas": 0.0,
        "avg_forecast_cpa": 0.0,
        "total_forecast_cost": 349345.7220945232,
        "total_forecast_conversions": 0.0
      }
    ],
    "alerts": [
      {
        "type": "brand_forecast_leader",
        "message": "ê¸°íƒ€ ë¸Œëœë“œê°€ í–¥í›„ 30ì¼ê°„ 4,592,765ì›ì˜ ë§¤ì¶œì´ ì˜ˆìƒë©ë‹ˆë‹¤.",
        "severity": "opportunity",
        "brand": "ê¸°íƒ€",
        "value": 4592765.189889382
      },
      {
        "type": "gender_forecast_opportunity",
        "message": "ì—¬ì„± íƒ€ê²Ÿì´ í–¥í›„ 30ì¼ê°„ ê°€ì¥ ë†’ì€ ì „í™˜ê°’(3,672,916ì›)ì´ ì˜ˆìƒë©ë‹ˆë‹¤.",
        "severity": "opportunity",
        "gender": "ì—¬ì„±",
        "value": 3672915.89569155
      },
      {
        "type": "age_forecast_opportunity",
        "message": "35ì„¸ ~ 44ì„¸ ì—°ë ¹ëŒ€ê°€ í–¥í›„ 30ì¼ê°„ 2,086,282ì›ì˜ ì „í™˜ê°’ì´ ì˜ˆìƒë©ë‹ˆë‹¤.",
        "severity": "opportunity",
        "age": "35ì„¸ ~ 44ì„¸",
        "value": 2086282.4813198352
      },
      {
        "type": "age_gender_forecast_opportunity",
        "message": "35ì„¸ ~ 44ì„¸ ì—¬ì„± íƒ€ê²Ÿì´ í–¥í›„ 30ì¼ê°„ 2,143,629ì›ì˜ ì „í™˜ê°’ì´ ì˜ˆìƒë©ë‹ˆë‹¤.",
        "severity": "opportunity",
        "age_gender": "35ì„¸ ~ 44ì„¸_ì—¬ì„±",
        "age": "35ì„¸ ~ 44ì„¸",
        "gender": "ì—¬ì„±",
        "value": 2143628.5499292957
      }
    ],
    "recommendations": [
      {
        "title": "ë¸Œëœë“œ ì§‘ì¤‘ íˆ¬ì ì „ëµ (ì˜ˆì¸¡ ê¸°ë°˜)",
        "description": "í–¥í›„ 30ì¼ ì˜ˆì¸¡ ë§¤ì¶œ ìƒìœ„ ë¸Œëœë“œ: ê¸°íƒ€, ë©”ì¢…, ê¹Œë¥´ë²µ. í•´ë‹¹ ë¸Œëœë“œì— ë§ˆì¼€íŒ… ì˜ˆì‚°ì„ ì§‘ì¤‘í•˜ì„¸ìš”.",
        "priority": "high",
        "expected_impact": "ì˜ˆìƒ ì´ ë§¤ì¶œ: 4,592,765ì›",
        "based_on": "prophet_forecast"
      },
      {
        "title": "ìƒí’ˆ í¬íŠ¸í´ë¦¬ì˜¤ ìµœì í™” (ì˜ˆì¸¡ ê¸°ë°˜)",
        "description": "í–¥í›„ 30ì¼ ì˜ˆì¸¡ ë§¤ì¶œ ìƒìœ„ ìƒí’ˆ: ê¸°íƒ€, ì‹œê³„, ê°€ë°©. ì¬ê³  í™•ë³´ ë° ê´‘ê³  ê°•í™”ë¥¼ ì¶”ì²œí•©ë‹ˆë‹¤.",
        "priority": "high",
        "expected_impact": "ë§¤ì¶œ ê·¹ëŒ€í™” ê¸°ëŒ€",
        "based_on": "prophet_forecast"
      },
      {
        "title": "íƒ€ê²Ÿ ì˜¤ë””ì–¸ìŠ¤ ìµœì í™” (ì˜ˆì¸¡ ê¸°ë°˜)",
        "description": "ì˜ˆì¸¡ ë¶„ì„ ê²°ê³¼, 35ì„¸ ~ 44ì„¸ ì—¬ì„± íƒ€ê²Ÿì´ ê°€ì¥ ë†’ì€ ì „í™˜ì´ ì˜ˆìƒë©ë‹ˆë‹¤. í•´ë‹¹ íƒ€ê²Ÿ ê´‘ê³  ë¹„ì¤‘ì„ í™•ëŒ€í•˜ì„¸ìš”.",
        "priority": "medium",
        "expected_impact": "ì „í™˜ìœ¨ 15-25% ê°œì„  ì˜ˆìƒ",
        "based_on": "prophet_forecast"
      },
      {
        "title": "ê¸°ê¸°í”Œë«í¼ ì§‘ì¤‘ ì „ëµ (ì˜ˆì¸¡ ê¸°ë°˜)",
        "description": "ì•± ê¸°ê¸°í”Œë«í¼ì—ì„œ í–¥í›„ 30ì¼ê°„ 3,942,703ì›ì˜ ì „í™˜ì´ ì˜ˆìƒë©ë‹ˆë‹¤. í•´ë‹¹ ê¸°ê¸°í”Œë«í¼ ê´‘ê³ ì— ì§‘ì¤‘í•˜ì„¸ìš”.",
        "priority": "medium",
        "expected_impact": "ROAS 10-20% ê°œì„  ì˜ˆìƒ",
        "based_on": "prophet_forecast"
      },
      {
        "title": "ì—°ë ¹+ì„±ë³„ íƒ€ê²ŸíŒ… ìµœì í™” (ì˜ˆì¸¡ ê¸°ë°˜)",
        "description": "í–¥í›„ 30ì¼ ì˜ˆì¸¡ ë§¤ì¶œ ìƒìœ„ íƒ€ê²Ÿ: 35ì„¸ ~ 44ì„¸ ì—¬ì„±, 45ì„¸ ~ 54ì„¸ ì—¬ì„±, 19ì„¸ ~ 24ì„¸ ë‚¨ì„±. í•´ë‹¹ íƒ€ê²Ÿì— ê´‘ê³  ì˜ˆì‚°ì„ ì§‘ì¤‘ ë°°ë¶„í•˜ì„¸ìš”.",
        "priority": "high",
        "expected_impact": "ì˜ˆìƒ ì´ ë§¤ì¶œ: 4,125,184ì›",
        "based_on": "prophet_forecast"
      }
    ]
  },
  "alerts": [
    {
      "type": "excellent_cpc_opportunity",
      "title": "ğŸ¯ 'ë©”íƒ€_íŠ¸ë˜í”½' íŠ¸ë˜í”½ ìº í˜ì¸ì´ íš¨ìœ¨ì ì´ì—ìš”!",
      "message": "ë©”íƒ€_íŠ¸ë˜í”½ì˜ CPCê°€ 105ì›ìœ¼ë¡œ ë§¤ìš° ìš°ìˆ˜í•©ë‹ˆë‹¤.",
      "action": "í˜„ì¬ ì „ëµì„ ìœ ì§€í•˜ë©´ì„œ ì˜ˆì‚° í™•ëŒ€ë¥¼ ê³ ë ¤í•˜ì„¸ìš”.",
      "severity": "opportunity",
      "category": "íŠ¸ë˜í”½ ìµœì í™”",
      "score": 5,
      "target": "ë©”íƒ€_íŠ¸ë˜í”½",
      "value": 105.48772991049474
    },
    {
      "type": "high_cpc_warning",
      "title": "âš ï¸ 'ë©”íƒ€_ë„ë‹¬' íŠ¸ë˜í”½ ë¹„ìš©ì´ ë†’ì•„ìš”",
      "message": "ë©”íƒ€_ë„ë‹¬ì˜ CPCê°€ 4,483ì›ìœ¼ë¡œ ë†’ìŠµë‹ˆë‹¤.",
      "action": "íƒ€ê²ŸíŒ…ì„ ì¢íˆê±°ë‚˜ ì†Œì¬ë¥¼ ê°œì„ í•´ë³´ì„¸ìš”.",
      "severity": "warning",
      "category": "íŠ¸ë˜í”½ ìµœì í™”",
      "score": 4,
      "target": "ë©”íƒ€_ë„ë‹¬",
      "value": 4483.138888888889
    },
    {
      "type": "high_cpc_warning",
      "title": "âš ï¸ 'ë©”íƒ€_ì¸ì§€' íŠ¸ë˜í”½ ë¹„ìš©ì´ ë†’ì•„ìš”",
      "message": "ë©”íƒ€_ì¸ì§€ì˜ CPCê°€ 3,545ì›ìœ¼ë¡œ ë†’ìŠµë‹ˆë‹¤.",
      "action": "íƒ€ê²ŸíŒ…ì„ ì¢íˆê±°ë‚˜ ì†Œì¬ë¥¼ ê°œì„ í•´ë³´ì„¸ìš”.",
      "severity": "warning",
      "category": "íŠ¸ë˜í”½ ìµœì í™”",
      "score": 4,
      "target": "ë©”íƒ€_ì¸ì§€",
      "value": 3544.7727272727275
    },
    {
      "type": "high_ctr_opportunity",
      "title": "ğŸ‘† 'ë©”íƒ€_íŠ¸ë˜í”½'ì˜ í´ë¦­ë¥ ì´ ì¢‹ì•„ìš”!",
      "message": "ë©”íƒ€_íŠ¸ë˜í”½ì˜ CTRì´ 7.48%ë¡œ ìš°ìˆ˜í•©ë‹ˆë‹¤.",
      "action": "ê´€ì‹¬ì„ ëŒê³  ìˆìœ¼ë‹ˆ ëœë”©í˜ì´ì§€ ìµœì í™”ì— ì§‘ì¤‘í•˜ì„¸ìš”.",
      "severity": "opportunity",
      "category": "íŠ¸ë˜í”½ ìµœì í™”",
      "score": 4,
      "target": "ë©”íƒ€_íŠ¸ë˜í”½",
      "value": 7.4769447998941
    },
    {
      "type": "revenue_growth",
      "title": "ğŸ“ˆ ë§¤ì¶œì´ ì‘¥ì‘¥ ì˜¤ë¥´ê³  ìˆì–´ìš”!",
      "message": "ìµœê·¼ 30ì¼ ë§¤ì¶œì´ ì´ì „ ëŒ€ë¹„ 52.1% ì¦ê°€í–ˆìŠµë‹ˆë‹¤!",
      "action": "í˜„ì¬ ì „ëµì„ ìœ ì§€í•˜ë©´ì„œ ì„±ê³¼ ìš”ì¸ì„ ë¶„ì„í•´ë³´ì„¸ìš”.",
      "severity": "positive",
      "category": "ë§¤ì¶œ ë¶„ì„",
      "score": 4,
      "value": 52.127603756755335
    },
    {
      "type": "brand_forecast_leader",
      "message": "ê¸°íƒ€ ë¸Œëœë“œê°€ í–¥í›„ 30ì¼ê°„ 4,592,765ì›ì˜ ë§¤ì¶œì´ ì˜ˆìƒë©ë‹ˆë‹¤.",
      "severity": "opportunity",
      "brand": "ê¸°íƒ€",
      "value": 4592765.189889382
    },
    {
      "type": "gender_forecast_opportunity",
      "message": "ì—¬ì„± íƒ€ê²Ÿì´ í–¥í›„ 30ì¼ê°„ ê°€ì¥ ë†’ì€ ì „í™˜ê°’(3,672,916ì›)ì´ ì˜ˆìƒë©ë‹ˆë‹¤.",
      "severity": "opportunity",
      "gender": "ì—¬ì„±",
      "value": 3672915.89569155
    },
    {
      "type": "age_forecast_opportunity",
      "message": "35ì„¸ ~ 44ì„¸ ì—°ë ¹ëŒ€ê°€ í–¥í›„ 30ì¼ê°„ 2,086,282ì›ì˜ ì „í™˜ê°’ì´ ì˜ˆìƒë©ë‹ˆë‹¤.",
      "severity": "opportunity",
      "age": "35ì„¸ ~ 44ì„¸",
      "value": 2086282.4813198352
    },
    {
      "type": "age_gender_forecast_opportunity",
      "message": "35ì„¸ ~ 44ì„¸ ì—¬ì„± íƒ€ê²Ÿì´ í–¥í›„ 30ì¼ê°„ 2,143,629ì›ì˜ ì „í™˜ê°’ì´ ì˜ˆìƒë©ë‹ˆë‹¤.",
      "severity": "opportunity",
      "age_gender": "35ì„¸ ~ 44ì„¸_ì—¬ì„±",
      "age": "35ì„¸ ~ 44ì„¸",
      "gender": "ì—¬ì„±",
      "value": 2143628.5499292957
    }
  ],
  "recommendations": [
    {
      "title": "ğŸ’° ì˜ˆì‚° ì¬ë°°ë¶„ìœ¼ë¡œ íš¨ìœ¨ UP!",
      "description": "ë©”íƒ€_ì „í™˜ (ROAS 222%)ì˜ ì˜ˆì‚°ì„ ëŠ˜ë¦¬ê³ , ë©”íƒ€_íŠ¸ë˜í”½ì˜ ì˜ˆì‚°ì„ ìœ ì§€í•˜ì„¸ìš”.",
      "action": "ë©”íƒ€_ì „í™˜ì— ì˜ˆì‚° 30% ì¦ì•¡ì„ ê¶Œì¥í•©ë‹ˆë‹¤.",
      "priority": "high",
      "category": "ì˜ˆì‚° ì „ëµ",
      "score": 5,
      "expected_impact": "ROAS 10-20% ê°œì„  ì˜ˆìƒ"
    },
    {
      "title": "ğŸ¯ ë‚¨ì„± íƒ€ê²ŸíŒ… ê°•í™”í•˜ê¸°",
      "description": "ë‚¨ì„± íƒ€ê²Ÿ ê´‘ê³ ì˜ ë¹„ì¤‘ì„ ë†’ì´ì„¸ìš”. í˜„ì¬ ROAS 265%ë¡œ ê°€ì¥ ë†’ìŠµë‹ˆë‹¤.",
      "action": "ë‚¨ì„± íƒ€ê²Ÿì˜ ë°˜ì‘ì´ ì¢‹ìŠµë‹ˆë‹¤. ê°„ê²°í•˜ê³  ì§ê´€ì ì¸ ë©”ì‹œì§€ë¡œ í•µì‹¬ ê°€ì¹˜ë¥¼ ì „ë‹¬í•˜ì„¸ìš”.",
      "priority": "high",
      "category": "íƒ€ê²ŸíŒ…",
      "score": 5,
      "expected_impact": "CPA 15-25% ì ˆê° ê°€ëŠ¥"
    },
    {
      "title": "ğŸ“± ì›¹ ê¸°ê¸°í”Œë«í¼ì´ íš¨ìì˜ˆìš”!",
      "description": "ì›¹ ê¸°ê¸°í”Œë«í¼ ê´‘ê³ ì— ì§‘ì¤‘í•˜ì„¸ìš”. ROAS 368%ë¡œ ê°€ì¥ íš¨ìœ¨ì ì…ë‹ˆë‹¤.",
      "action": "ì›¹ ê¸°ê¸°í”Œë«í¼ ê´‘ê³ ì— ì§‘ì¤‘í•˜ì„¸ìš”.",
      "priority": "medium",
      "category": "ê¸°ê¸°í”Œë«í¼",
      "score": 4,
      "expected_impact": "ì „í™˜ìœ¨ 10-15% ê°œì„  ì˜ˆìƒ"
    },
    {
      "title": "â­ 'ê¹Œë¥´ë²µ' ë¸Œëœë“œê°€ ëŒ€ì„¸ì˜ˆìš”!",
      "description": "ê¹Œë¥´ë²µ ë¸Œëœë“œì˜ ROASê°€ 400%ë¡œ ê°€ì¥ ë†’ìŠµë‹ˆë‹¤.",
      "action": "í•´ë‹¹ ë¸Œëœë“œ ê´‘ê³  ë¹„ì¤‘ì„ í™•ëŒ€í•˜ì„¸ìš”.",
      "priority": "high",
      "category": "ë¸Œëœë“œ",
      "score": 5,
      "expected_impact": "ROAS 15-30% ê°œì„  ê°€ëŠ¥"
    },
    {
      "title": "ğŸš€ ë¼ì´ì§• ìŠ¤íƒ€: 'ì‹œê³„'",
      "description": "ì‹œê³„ ìƒí’ˆì˜ ROASê°€ 318%ë¡œ ê°€ì¥ íš¨ìœ¨ì ì…ë‹ˆë‹¤.",
      "action": "ì´ ìƒí’ˆì„ ë©”ì¸ ë°°ë„ˆ ê°€ì¥ ì˜ ë³´ì´ëŠ” ê³³ì— ë°°ì¹˜í•˜ì„¸ìš”.",
      "priority": "high",
      "category": "ìƒí’ˆ ì „ëµ",
      "score": 5,
      "expected_impact": "ë§¤ì¶œ 20-35% ì¦ê°€ ì˜ˆìƒ"
    },
    {
      "title": "ğŸ 'ê¸°íƒ€' í”„ë¡œëª¨ì…˜ ëŒ€ë°•!",
      "description": "ê¸°íƒ€ í”„ë¡œëª¨ì…˜ì˜ ROASê°€ 177%ì…ë‹ˆë‹¤.",
      "action": "ìœ ì‚¬í•œ í”„ë¡œëª¨ì…˜ì„ ê¸°íší•˜ì—¬ ì„±ê³µ íŒ¨í„´ì„ ë³µì œí•˜ì„¸ìš”.",
      "priority": "medium",
      "category": "í”„ë¡œëª¨ì…˜",
      "score": 4,
      "expected_impact": "ì „í™˜ìœ¨ 10-20% ê°œì„  ì˜ˆìƒ"
    },
    {
      "title": "ë¸Œëœë“œ ì§‘ì¤‘ íˆ¬ì ì „ëµ (ì˜ˆì¸¡ ê¸°ë°˜)",
      "description": "í–¥í›„ 30ì¼ ì˜ˆì¸¡ ë§¤ì¶œ ìƒìœ„ ë¸Œëœë“œ: ê¸°íƒ€, ë©”ì¢…, ê¹Œë¥´ë²µ. í•´ë‹¹ ë¸Œëœë“œì— ë§ˆì¼€íŒ… ì˜ˆì‚°ì„ ì§‘ì¤‘í•˜ì„¸ìš”.",
      "priority": "high",
      "expected_impact": "ì˜ˆìƒ ì´ ë§¤ì¶œ: 4,592,765ì›",
      "based_on": "prophet_forecast"
    },
    {
      "title": "ìƒí’ˆ í¬íŠ¸í´ë¦¬ì˜¤ ìµœì í™” (ì˜ˆì¸¡ ê¸°ë°˜)",
      "description": "í–¥í›„ 30ì¼ ì˜ˆì¸¡ ë§¤ì¶œ ìƒìœ„ ìƒí’ˆ: ê¸°íƒ€, ì‹œê³„, ê°€ë°©. ì¬ê³  í™•ë³´ ë° ê´‘ê³  ê°•í™”ë¥¼ ì¶”ì²œí•©ë‹ˆë‹¤.",
      "priority": "high",
      "expected_impact": "ë§¤ì¶œ ê·¹ëŒ€í™” ê¸°ëŒ€",
      "based_on": "prophet_forecast"
    },
    {
      "title": "íƒ€ê²Ÿ ì˜¤ë””ì–¸ìŠ¤ ìµœì í™” (ì˜ˆì¸¡ ê¸°ë°˜)",
      "description": "ì˜ˆì¸¡ ë¶„ì„ ê²°ê³¼, 35ì„¸ ~ 44ì„¸ ì—¬ì„± íƒ€ê²Ÿì´ ê°€ì¥ ë†’ì€ ì „í™˜ì´ ì˜ˆìƒë©ë‹ˆë‹¤. í•´ë‹¹ íƒ€ê²Ÿ ê´‘ê³  ë¹„ì¤‘ì„ í™•ëŒ€í•˜ì„¸ìš”.",
      "priority": "medium",
      "expected_impact": "ì „í™˜ìœ¨ 15-25% ê°œì„  ì˜ˆìƒ",
      "based_on": "prophet_forecast"
    },
    {
      "title": "ê¸°ê¸°í”Œë«í¼ ì§‘ì¤‘ ì „ëµ (ì˜ˆì¸¡ ê¸°ë°˜)",
      "description": "ì•± ê¸°ê¸°í”Œë«í¼ì—ì„œ í–¥í›„ 30ì¼ê°„ 3,942,703ì›ì˜ ì „í™˜ì´ ì˜ˆìƒë©ë‹ˆë‹¤. í•´ë‹¹ ê¸°ê¸°í”Œë«í¼ ê´‘ê³ ì— ì§‘ì¤‘í•˜ì„¸ìš”.",
      "priority": "medium",
      "expected_impact": "ROAS 10-20% ê°œì„  ì˜ˆìƒ",
      "based_on": "prophet_forecast"
    },
    {
      "title": "ì—°ë ¹+ì„±ë³„ íƒ€ê²ŸíŒ… ìµœì í™” (ì˜ˆì¸¡ ê¸°ë°˜)",
      "description": "í–¥í›„ 30ì¼ ì˜ˆì¸¡ ë§¤ì¶œ ìƒìœ„ íƒ€ê²Ÿ: 35ì„¸ ~ 44ì„¸ ì—¬ì„±, 45ì„¸ ~ 54ì„¸ ì—¬ì„±, 19ì„¸ ~ 24ì„¸ ë‚¨ì„±. í•´ë‹¹ íƒ€ê²Ÿì— ê´‘ê³  ì˜ˆì‚°ì„ ì§‘ì¤‘ ë°°ë¶„í•˜ì„¸ìš”.",
      "priority": "high",
      "expected_impact": "ì˜ˆìƒ ì´ ë§¤ì¶œ: 4,125,184ì›",
      "based_on": "prophet_forecast"
    }
  ],
  "generated_at": "2025-12-18T10:36:19.842814",
  "filter_info": {
    "days": 0,
    "label": "ì „ì²´ ê¸°ê°„",
    "is_filtered": false
  },
  "overall": {
    "current_period": {
      "start_date": "2024-11-01",
      "end_date": "2025-12-03",
      "total_cost": 22896831.0,
      "total_cost_formatted": "2,290ë§Œ ì›",
      "total_conversions": 352.0,
      "total_revenue": 40550020.0,
      "total_revenue_formatted": "4,055ë§Œ ì›",
      "overall_roas": 177.0988308382064,
      "overall_cpa": 65047.81534090909,
      "overall_cpa_formatted": "7ë§Œ ì›"
    },
    "trend": {
      "direction": "growing",
      "change_percent": 52.127603756755335
    }
  },
  "details": {
    "total_categories": 4,
    "paid_categories": 4,
    "top_roas_category": "ë©”íƒ€_ì „í™˜",
    "analysis_period_days": 360,
    "alerts_count": 9,
    "recommendations_count": 11,
    "top_recommendations_count": 5,
    "timeseries_insights_count": 2,
    "prophet_forecast_available": true
  },
  "retargeting_analysis": {
    "summary": {},
    "by_age_gender": [],
    "by_device": [],
    "by_platform": [],
    "by_device_platform": []
  },
  "retargeting_insights": [],
  "seasonality_analysis": {
    "overall": [
      {
        "day": "ì›”ìš”ì¼",
        "avg_revenue": 604989.24385261,
        "avg_cost": 265826.104760742,
        "avg_impressions": 13104.503177168424,
        "avg_clicks": 622.5100221709386,
        "avg_conversions": 5.380103883330102,
        "avg_roas": 227.58834930720343,
        "avg_cpa": 49409.10259825776
      },
      {
        "day": "í™”ìš”ì¼",
        "avg_revenue": 381536.5938009112,
        "avg_cost": 343040.3963120781,
        "avg_impressions": 15842.67060768927,
        "avg_clicks": 718.5562023507443,
        "avg_conversions": 3.457275980439773,
        "avg_roas": 111.22205953079984,
        "avg_cpa": 99222.74017258022
      },
      {
        "day": "ìˆ˜ìš”ì¼",
        "avg_revenue": 763380.3433149479,
        "avg_cost": 313515.2038840772,
        "avg_impressions": 15090.337459480785,
        "avg_clicks": 636.3908453022796,
        "avg_conversions": 6.066618046813102,
        "avg_roas": 243.4906932287753,
        "avg_cpa": 51678.74447753837
      },
      {
        "day": "ëª©ìš”ì¼",
        "avg_revenue": 653958.8643129246,
        "avg_cost": 338132.3911614897,
        "avg_impressions": 15244.177333774063,
        "avg_clicks": 693.6367712507562,
        "avg_conversions": 4.995881696183749,
        "avg_roas": 193.4031998728564,
        "avg_cpa": 67682.22542575058
      },
      {
        "day": "ê¸ˆìš”ì¼",
        "avg_revenue": 480966.1349558923,
        "avg_cost": 428272.2078429666,
        "avg_impressions": 21553.49756375268,
        "avg_clicks": 916.7156285766802,
        "avg_conversions": 4.99584545876613,
        "avg_roas": 112.3038399755902,
        "avg_cpa": 85725.67173619916
      },
      {
        "day": "í† ìš”ì¼",
        "avg_revenue": 540007.1735513798,
        "avg_cost": 398296.237875464,
        "avg_impressions": 19544.74224967898,
        "avg_clicks": 924.8470143574278,
        "avg_conversions": 4.226798822215887,
        "avg_roas": 135.57928049529428,
        "avg_cpa": 94231.17934594728
      },
      {
        "day": "ì¼ìš”ì¼",
        "avg_revenue": 532771.4154539615,
        "avg_cost": 350042.47145605285,
        "avg_impressions": 16321.569196890689,
        "avg_clicks": 884.4455248158515,
        "avg_conversions": 4.146416177344211,
        "avg_roas": 152.201935164559,
        "avg_cpa": 84420.48662858919
      }
    ],
    "by_category": {
      "ë©”íƒ€_ì „í™˜": [
        {
          "day": "ì›”ìš”ì¼",
          "avg_revenue": 0.0,
          "avg_cost": 2875683.2083738903,
          "avg_impressions": 23327.604053842988,
          "avg_clicks": 7039.658537783979,
          "avg_conversions": 0.0,
          "avg_roas": 0.0,
          "avg_cpa": 0.0
        },
        {
          "day": "í™”ìš”ì¼",
          "avg_revenue": 0.0,
          "avg_cost": 3133579.2682538573,
          "avg_impressions": 25146.87298176327,
          "avg_clicks": 7564.885602398672,
          "avg_conversions": 0.0,
          "avg_roas": 0.0,
          "avg_cpa": 0.0
        },
        {
          "day": "ìˆ˜ìš”ì¼",
          "avg_revenue": 0.0,
          "avg_cost": 3235684.4954704246,
          "avg_impressions": 21619.215378402758,
          "avg_clicks": 7856.443862131491,
          "avg_conversions": 0.0,
          "avg_roas": 0.0,
          "avg_cpa": 0.0
        },
        {
          "day": "ëª©ìš”ì¼",
          "avg_revenue": 47096.031781762,
          "avg_cost": 2795850.5849255687,
          "avg_impressions": 19927.787124132024,
          "avg_clicks": 6782.884736760761,
          "avg_conversions": 0.3386595708168073,
          "avg_roas": 1.6844974490300166,
          "avg_cpa": 8255637.3002608605
        },
        {
          "day": "ê¸ˆìš”ì¼",
          "avg_revenue": 0.0,
          "avg_cost": 2969669.861703447,
          "avg_impressions": 23060.70806989516,
          "avg_clicks": 7185.828365049361,
          "avg_conversions": 0.0,
          "avg_roas": 0.0,
          "avg_cpa": 0.0
        },
        {
          "day": "í† ìš”ì¼",
          "avg_revenue": 0.0,
          "avg_cost": 2635618.1862508366,
          "avg_impressions": 27816.10405440314,
          "avg_clicks": 6398.426352898803,
          "avg_conversions": 0.0,
          "avg_roas": 0.0,
          "avg_cpa": 0.0
        },
        {
          "day": "ì¼ìš”ì¼",
          "avg_revenue": 0.0,
          "avg_cost": 2777979.2030607,
          "avg_impressions": 25774.876767468908,
          "avg_clicks": 6787.652085515072,
          "avg_conversions": 0.0,
          "avg_roas": 0.0,
          "avg_cpa": 0.0
        }
      ]
    },
    "quarterly": {},
    "quarterly_overall": [
      {
        "quarter": "Q3(7~9ì›”)",
        "avg_cost": 388275.6978530021,
        "avg_impressions": 21237.92011434859,
        "avg_clicks": 1015.5559976419124,
        "avg_conversions": 6.18238141117149,
        "avg_revenue": 766368.1981307548,
        "avg_roas": 197.37732811207132,
        "avg_cpa": 62803.58199049197
      },
      {
        "quarter": "Q4(10~12ì›”)",
        "avg_cost": 310642.562257451,
        "avg_impressions": 12475.236229752414,
        "avg_clicks": 539.5940002508332,
        "avg_conversions": 3.498459699105511,
        "avg_revenue": 387083.6594242282,
        "avg_roas": 124.60741265178764,
        "avg_cpa": 88794.09482318071
      }
    ],
    "monthly": {},
    "monthly_overall": [
      {
        "month": "10ì›”",
        "total_cost": 6157519.125332205,
        "total_impressions": 309314.22304349154,
        "total_clicks": 10317.128526205615,
        "total_conversions": 30.14468922535642,
        "total_revenue": 4386172.93024532,
        "roas": 71.23279426287907,
        "cpa": 204265.47042166095
      },
      {
        "month": "11ì›”",
        "total_cost": 7689916.865813143,
        "total_impressions": 237549.7178323416,
        "total_clicks": 13253.43387202016,
        "total_conversions": 115.60680909854727,
        "total_revenue": 11940000.859024554,
        "roas": 155.26826970140465,
        "cpa": 66517.85414523455
      },
      {
        "month": "12ì›”",
        "total_cost": 752764.4349548481,
        "total_impressions": 39472.161922530286,
        "total_clicks": 1790.355613563387,
        "total_conversions": 18.676107534055305,
        "total_revenue": 1866758.203668852,
        "roas": 247.98703511820705,
        "cpa": 40306.28082335708
      },
      {
        "month": "8ì›”",
        "total_cost": 8515402.794855354,
        "total_impressions": 526194.3517721766,
        "total_clicks": 24492.658093172515,
        "total_conversions": 96.39974515977872,
        "total_revenue": 11537265.431264693,
        "roas": 135.48701933671322,
        "cpa": 88334.28740648032
      },
      {
        "month": "9ì›”",
        "total_cost": 8180452.212823736,
        "total_impressions": 387036.2131448129,
        "total_clicks": 19176.249805429718,
        "total_conversions": 169.4426555205953,
        "total_revenue": 21416567.08835776,
        "roas": 261.80175045561657,
        "cpa": 48278.58833827958
      }
    ],
    "daily": [
      {
        "date": "2025-08-15",
        "cost": 510497.4134405465,
        "impressions": 28461.59458236076,
        "clicks": 1167.9646750310635,
        "conversions": 11.765943229277806,
        "revenue": 1245171.1796521093,
        "roas": 243.9133180440932,
        "cpa": 43387.71686151344
      },
      {
        "date": "2025-08-16",
        "cost": 451216.1814116716,
        "impressions": 26127.123217923123,
        "clicks": 1043.96606349359,
        "conversions": 7.066671717383255,
        "revenue": 800685.9050553103,
        "roas": 177.45061858160545,
        "cpa": 63851.30079011993
      },
      {
        "date": "2025-08-17",
        "cost": 382837.0508778215,
        "impressions": 23213.72805865476,
        "clicks": 917.6830172075896,
        "conversions": 4.186795780832993,
        "revenue": 455488.74653747113,
        "roas": 118.97718506948684,
        "cpa": 91439.15082518148
      },
      {
        "date": "2025-08-18",
        "cost": 296828.36942159245,
        "impressions": 21304.70868431939,
        "clicks": 705.3953879418885,
        "conversions": 4.365858587916006,
        "revenue": 369882.30167146417,
        "roas": 124.61150610105986,
        "cpa": 67988.54416475275
      },
      {
        "date": "2025-08-19",
        "cost": 396249.72717097134,
        "impressions": 26474.28254694741,
        "clicks": 886.0278197212306,
        "conversions": 1.0885402289113983,
        "revenue": 0.0,
        "roas": 0.0,
        "cpa": 364019.3689187247
      },
      {
        "date": "2025-08-20",
        "cost": 360770.3073463291,
        "impressions": 25479.95915289084,
        "clicks": 884.436195891267,
        "conversions": 4.341719057465025,
        "revenue": 443903.2276300332,
        "roas": 123.0431714004387,
        "cpa": 83093.88575615715
      },
      {
        "date": "2025-08-21",
        "cost": 424414.3049318984,
        "impressions": 28667.57303274097,
        "clicks": 1108.8816236362088,
        "conversions": 2.7737984715816597,
        "revenue": 301319.376662296,
        "roas": 70.9965175916127,
        "cpa": 153008.3419109721
      },
      {
        "date": "2025-08-22",
        "cost": 526677.480307188,
        "impressions": 35707.82060248052,
        "clicks": 1431.6805147715995,
        "conversions": 2.752712760366682,
        "revenue": 157870.18709316372,
        "roas": 29.974736531564805,
        "cpa": 191330.34433895332
      },
      {
        "date": "2025-08-23",
        "cost": 538803.5717707239,
        "impressions": 35443.411181670526,
        "clicks": 1616.627890667363,
        "conversions": 2.613242350545026,
        "revenue": 330982.1869658095,
        "roas": 61.429100382180046,
        "cpa": 206182.01433110452
      },
      {
        "date": "2025-08-24",
        "cost": 521944.1126813644,
        "impressions": 33447.41968446035,
        "clicks": 1695.3055404681695,
        "conversions": 3.307413142414769,
        "revenue": 467345.1356789149,
        "roas": 89.53930589963738,
        "cpa": 157810.37632942604
      },
      {
        "date": "2025-08-25",
        "cost": 468460.4801139007,
        "impressions": 31464.14594103462,
        "clicks": 1593.124007208251,
        "conversions": 6.158908492308525,
        "revenue": 738987.0222844421,
        "roas": 157.7479966089703,
        "cpa": 76062.25692408512
      },
      {
        "date": "2025-08-26",
        "cost": 582796.7601382391,
        "impressions": 35737.61482974347,
        "clicks": 1799.8823924475037,
        "conversions": 4.748060032987597,
        "revenue": 613884.4219593554,
        "roas": 105.33422008278532,
        "cpa": 122744.18522284964
      },
      {
        "date": "2025-08-27",
        "cost": 546417.4210640683,
        "impressions": 33198.014593791064,
        "clicks": 1752.5863819436777,
        "conversions": 9.165031336715522,
        "revenue": 1208966.7470355611,
        "roas": 221.25333132338176,
        "cpa": 59619.80935898123
      },
      {
        "date": "2025-08-28",
        "cost": 595465.0297307273,
        "impressions": 34361.235033039324,
        "clicks": 1872.4514422820323,
        "conversions": 8.165429807699457,
        "revenue": 1134403.092423732,
        "roas": 190.50708870959485,
        "cpa": 72925.12993856655
      },
      {
        "date": "2025-08-29",
        "cost": 671785.1633783183,
        "impressions": 39060.4866221417,
        "clicks": 2045.093778720284,
        "conversions": 8.224852006716272,
        "revenue": 992260.7939448872,
        "roas": 147.70507716409506,
        "cpa": 81677.47733694784
      },
      {
        "date": "2025-08-30",
        "cost": 649110.294914763,
        "impressions": 36289.22002155335,
        "clicks": 2047.5190972124296,
        "conversions": 7.7830703167956,
        "revenue": 1114512.5177300486,
        "roas": 171.69848120748097,
        "cpa": 83400.28658279049
      },
      {
        "date": "2025-08-31",
        "cost": 591129.1261552304,
        "impressions": 31756.013986424423,
        "clicks": 1924.0322645283652,
        "conversions": 7.891697839861134,
        "revenue": 1161602.588940092,
        "roas": 196.50572735187055,
        "cpa": 74905.19000479525
      },
      {
        "date": "2025-09-01",
        "cost": 492702.91360936017,
        "impressions": 27322.78741818941,
        "clicks": 1611.9265774170694,
        "conversions": 9.96630608262845,
        "revenue": 1318202.4209038992,
        "roas": 267.54508335403045,
        "cpa": 49436.86352039249
      },
      {
        "date": "2025-09-02",
        "cost": 560659.8023736726,
        "impressions": 29331.490842384053,
        "clicks": 1611.744426932529,
        "conversions": 7.669591122116955,
        "revenue": 1063570.1161516726,
        "roas": 189.6997272943097,
        "cpa": 73101.65476186684
      },
      {
        "date": "2025-09-03",
        "cost": 478663.2382598288,
        "impressions": 24789.567063296738,
        "clicks": 1369.8554697417585,
        "conversions": 11.163215470747147,
        "revenue": 1524374.4139397407,
        "roas": 318.46490227274927,
        "cpa": 42878.61678511452
      },
      {
        "date": "2025-09-04",
        "cost": 484811.3696157151,
        "impressions": 24269.308175041715,
        "clicks": 1315.2828048083968,
        "conversions": 9.262558661251669,
        "revenue": 1318870.982106532,
        "roas": 272.0379646112534,
        "cpa": 52340.976974736
      },
      {
        "date": "2025-09-05",
        "cost": 522615.8291043115,
        "impressions": 27640.03120961546,
        "clicks": 1339.7811281782283,
        "conversions": 8.490864913643446,
        "revenue": 1055517.306588655,
        "roas": 201.96810884922112,
        "cpa": 61550.36435270009
      },
      {
        "date": "2025-09-06",
        "cost": 467152.4517095208,
        "impressions": 23912.21216670171,
        "clicks": 1224.7761887296797,
        "conversions": 7.323465999837181,
        "revenue": 1070998.2042753797,
        "roas": 229.26096188859023,
        "cpa": 63788.43729456883
      },
      {
        "date": "2025-09-07",
        "cost": 383110.7173104813,
        "impressions": 18794.149576773685,
        "clicks": 1017.2859406363676,
        "conversions": 6.835875245474205,
        "revenue": 1028866.2292444856,
        "roas": 268.55584632749134,
        "cpa": 56044.13532328951
      },
      {
        "date": "2025-09-08",
        "cost": 266003.32167757506,
        "impressions": 14132.403605181951,
        "clicks": 655.6776113609886,
        "conversions": 8.456677174275592,
        "revenue": 1115419.0709360442,
        "roas": 419.3252414674932,
        "cpa": 31454.827492615168
      },
      {
        "date": "2025-09-09",
        "cost": 322966.32041805447,
        "impressions": 16241.047810964144,
        "clicks": 640.0464157584131,
        "conversions": 5.851751543613853,
        "revenue": 810220.2719549388,
        "roas": 250.868347791241,
        "cpa": 55191.39321123687
      },
      {
        "date": "2025-09-10",
        "cost": 237644.95246284537,
        "impressions": 12089.901257344976,
        "clicks": 414.95468159458994,
        "conversions": 9.177397425747984,
        "revenue": 1239114.0709595247,
        "roas": 521.414007795202,
        "cpa": 25894.59096498445
      },
      {
        "date": "2025-09-11",
        "cost": 247820.74743824557,
        "impressions": 12206.746686835326,
        "clicks": 406.4535487003191,
        "conversions": 7.23652647890551,
        "revenue": 1018612.730813903,
        "roas": 411.0280278561952,
        "cpa": 34245.815055143314
      },
      {
        "date": "2025-09-12",
        "cost": 296426.7153385716,
        "impressions": 16412.34040744646,
        "clicks": 502.38220964941456,
        "conversions": 6.534349799282216,
        "revenue": 754733.0425270153,
        "roas": 254.610331482767,
        "cpa": 45364.378162175126
      },
      {
        "date": "2025-09-13",
        "cost": 257741.3641742881,
        "impressions": 13667.245718882588,
        "clicks": 479.54467013815474,
        "conversions": 5.524174488025652,
        "revenue": 781244.8639239129,
        "roas": 303.1119457393827,
        "cpa": 46656.99186964045
      },
      {
        "date": "2025-09-14",
        "cost": 195486.3756146568,
        "impressions": 9630.96525694109,
        "clicks": 379.8750670494078,
        "conversions": 5.2570477788431305,
        "revenue": 758527.4828751979,
        "roas": 388.0206385177497,
        "cpa": 37185.580926501614
      },
      {
        "date": "2025-09-15",
        "cost": 104087.30987300252,
        "impressions": 6104.537458260082,
        "clicks": 136.4367048595484,
        "conversions": 7.136120653445781,
        "revenue": 869648.3575660035,
        "roas": 835.4989274168638,
        "cpa": 14585.97954376548
      },
      {
        "date": "2025-09-16",
        "cost": 189525.7509191199,
        "impressions": 9361.570618572476,
        "clicks": 244.03207328010217,
        "conversions": 4.802224011331832,
        "revenue": 591064.1527621947,
        "roas": 311.8648257008787,
        "cpa": 39466.245321312585
      },
      {
        "date": "2025-09-18",
        "cost": 174980.3394979365,
        "impressions": 7534.40878439796,
        "clicks": 252.20049779026957,
        "conversions": 6.676025596715407,
        "revenue": 847909.9083044025,
        "roas": 484.5743874639137,
        "cpa": 26210.25593191652
      },
      {
        "date": "2025-09-20",
        "cost": 243183.4964875854,
        "impressions": 10943.479007078697,
        "clicks": 532.7326409977503,
        "conversions": 5.260176778387292,
        "revenue": 638972.689131669,
        "roas": 262.7533111254072,
        "cpa": 46231.05015914362
      },
      {
        "date": "2025-09-23",
        "cost": 243447.42104844627,
        "impressions": 8973.993386575017,
        "clicks": 495.3710194413379,
        "conversions": 4.442413730507309,
        "revenue": 437334.1729708138,
        "roas": 179.64214658235542,
        "cpa": 54800.70876258645
      },
      {
        "date": "2025-09-24",
        "cost": 203949.3465852656,
        "impressions": 6599.94340690885,
        "clicks": 424.81157838168826,
        "conversions": 7.845863160991465,
        "revenue": 874465.3190498827,
        "roas": 428.7659331550215,
        "cpa": 25994.507219966978
      },
      {
        "date": "2025-09-25",
        "cost": 256556.96818873903,
        "impressions": 8405.570480740706,
        "clicks": 549.2504274048982,
        "conversions": 5.885073789775955,
        "revenue": 653767.792958901,
        "roas": 254.82363530190665,
        "cpa": 43594.52019691773
      },
      {
        "date": "2025-09-26",
        "cost": 343217.74011458387,
        "impressions": 14210.00777158596,
        "clicks": 753.7773076070209,
        "conversions": 5.058326953154824,
        "revenue": 380853.0030417544,
        "roas": 110.96541889548187,
        "cpa": 67852.0276156769
      },
      {
        "date": "2025-09-27",
        "cost": 337493.6028119046,
        "impressions": 12979.839888750335,
        "clicks": 813.7165088071463,
        "conversions": 3.818500632842159,
        "revenue": 389854.6922159457,
        "roas": 115.51469093570448,
        "cpa": 88383.80172290395
      },
      {
        "date": "2025-09-28",
        "cost": 302666.3441775072,
        "impressions": 10386.385301957998,
        "clicks": 770.754659187533,
        "conversions": 3.222368404836736,
        "revenue": 342206.28044530714,
        "roas": 113.0638695145472,
        "cpa": 93926.67322681316
      },
      {
        "date": "2025-09-29",
        "cost": 232993.52001846832,
        "impressions": 8246.222945592996,
        "clicks": 558.8528277912445,
        "conversions": 4.684369780578861,
        "revenue": 422610.5216704208,
        "roas": 181.3829507519876,
        "cpa": 49738.498652358016
      },
      {
        "date": "2025-09-30",
        "cost": 334544.25399405026,
        "impressions": 12850.056898792473,
        "clicks": 674.7268191858584,
        "conversions": 1.8613898436347047,
        "revenue": 109608.99103956435,
        "roas": 32.7636746800959,
        "cpa": 179728.20424376617
      },
      {
        "date": "2025-10-01",
        "cost": 290109.38804003026,
        "impressions": 11150.16141111444,
        "clicks": 560.634722636129,
        "conversions": 4.906124957161926,
        "revenue": 528605.0726589534,
        "roas": 182.20888204624893,
        "cpa": 59132.08297243442
      },
      {
        "date": "2025-10-02",
        "cost": 336841.44091072027,
        "impressions": 13661.500141528197,
        "clicks": 641.39619075628,
        "conversions": 2.623225347418408,
        "revenue": 296223.09907257924,
        "roas": 87.94140598368153,
        "cpa": 128407.35975741304
      },
      {
        "date": "2025-10-03",
        "cost": 417271.49718336936,
        "impressions": 20195.422411864856,
        "clicks": 804.6425438893027,
        "conversions": 1.524669523367757,
        "revenue": 19085.763254946258,
        "roas": 4.573943675467258,
        "cpa": 273679.96197738755
      },
      {
        "date": "2025-10-04",
        "cost": 405494.5320241004,
        "impressions": 19705.06971919373,
        "clicks": 827.9033668254527,
        "conversions": 0.0750242824722682,
        "revenue": 31978.920985534933,
        "roas": 7.886400052278455,
        "cpa": 5404843.854041342
      },
      {
        "date": "2025-10-05",
        "cost": 365249.1470103469,
        "impressions": 17843.06883807485,
        "clicks": 754.6475835202838,
        "conversions": 0.0,
        "revenue": 0.0,
        "roas": 0.0,
        "cpa": 0.0
      },
      {
        "date": "2025-10-06",
        "cost": 291152.556223441,
        "impressions": 16402.77269356855,
        "clicks": 520.1320436916697,
        "conversions": 0.7418149736591896,
        "revenue": 97555.895998528,
        "roas": 33.506797008390365,
        "cpa": 392486.7609334677
      },
      {
        "date": "2025-10-08",
        "cost": 343270.27649361786,
        "impressions": 20502.235859656845,
        "clicks": 502.2725940025272,
        "conversions": 1.0890436064194176,
        "revenue": 267170.2748924849,
        "roas": 77.83087939379224,
        "cpa": 315203.42663066514
      },
      {
        "date": "2025-10-22",
        "cost": 433671.0037380916,
        "impressions": 26732.199225652694,
        "clicks": 650.8270220740875,
        "conversions": 2.019213914417232,
        "revenue": 540992.6748536974,
        "roas": 124.74725545183578,
        "cpa": 214772.19458605695
      },
      {
        "date": "2025-10-23",
        "cost": 465188.8731671215,
        "impressions": 26762.366554324843,
        "clicks": 725.306609034389,
        "conversions": 0.7594028942313571,
        "revenue": 382770.9748020875,
        "roas": 82.28291708614773,
        "cpa": 612571.8991866242
      },
      {
        "date": "2025-10-24",
        "cost": 527910.9519018191,
        "impressions": 30491.187841729075,
        "clicks": 877.9490569695608,
        "conversions": 0.698808049906058,
        "revenue": 173058.24026056757,
        "roas": 32.78171055878245,
        "cpa": 755444.8635398333
      },
      {
        "date": "2025-10-25",
        "cost": 495742.4086595435,
        "impressions": 26915.751587894996,
        "clicks": 884.937156232135,
        "conversions": 0.2791220684865281,
        "revenue": 245231.47260290617,
        "roas": 49.46751948577423,
        "cpa": 1776077.439335366
      },
      {
        "date": "2025-10-27",
        "cost": 332335.3927980487,
        "impressions": 16828.072784454183,
        "clicks": 523.9676991785959,
        "conversions": 2.892232787896259,
        "revenue": 400786.8086044745,
        "roas": 120.59708875124892,
        "cpa": 114906.17013569696
      },
      {
        "date": "2025-10-28",
        "cost": 402238.54888235946,
        "impressions": 18506.15932281944,
        "clicks": 588.0116809887111,
        "conversions": 0.964888610740306,
        "revenue": 145558.43698444252,
        "roas": 36.187092805720425,
        "cpa": 416875.6314511205
      },
      {
        "date": "2025-10-29",
        "cost": 325280.5351275143,
        "impressions": 13775.70996938202,
        "clicks": 423.7054235874566,
        "conversions": 4.897255924063989,
        "revenue": 618651.1391333666,
        "roas": 190.1900274760822,
        "cpa": 66420.97945691597
      },
      {
        "date": "2025-10-30",
        "cost": 339085.4096819956,
        "impressions": 13200.501944124073,
        "clicks": 456.43052824805295,
        "conversions": 3.476491091615836,
        "revenue": 435779.3819376767,
        "roas": 128.51611113151804,
        "cpa": 97536.68303645568
      },
      {
        "date": "2025-10-31",
        "cost": 386677.1634900848,
        "impressions": 16642.04273810875,
        "clicks": 574.3643045709806,
        "conversions": 3.197371193499888,
        "revenue": 202724.77420307463,
        "roas": 52.427397670272015,
        "cpa": 120935.96272968936
      },
      {
        "date": "2025-11-01",
        "cost": 342659.88089321705,
        "impressions": 13103.945698449525,
        "clicks": 555.5737443085613,
        "conversions": 2.5081332591814887,
        "revenue": 253534.35039361217,
        "roas": 73.99008886967452,
        "cpa": 136619.48767628145
      },
      {
        "date": "2025-11-02",
        "cost": 271290.2434996281,
        "impressions": 8288.529118159617,
        "clicks": 444.05867891397656,
        "conversions": 2.459969752460053,
        "revenue": 249306.7425362477,
        "roas": 91.8966857488885,
        "cpa": 110281.9427874382
      },
      {
        "date": "2025-11-03",
        "cost": 167703.2054290878,
        "impressions": 4036.934321567285,
        "clicks": 175.5967578533216,
        "conversions": 4.4610796128433545,
        "revenue": 374186.8227732277,
        "roas": 223.12443093489355,
        "cpa": 37592.51570993573
      },
      {
        "date": "2025-11-04",
        "cost": 238721.10374366297,
        "impressions": 6657.861294771024,
        "clicks": 248.17602338350505,
        "conversions": 2.1617968618605667,
        "revenue": 105974.75223979692,
        "roas": 44.39270369392722,
        "cpa": 110427.16730479748
      },
      {
        "date": "2025-11-05",
        "cost": 167741.5179674549,
        "impressions": 3115.159236177935,
        "clicks": 104.7554130447288,
        "conversions": 5.708353708736863,
        "revenue": 569200.8343492716,
        "roas": 339.33211124255325,
        "cpa": 29385.27052216821
      },
      {
        "date": "2025-11-06",
        "cost": 192360.0555708616,
        "impressions": 3929.35170160416,
        "clicks": 170.2782778869555,
        "conversions": 3.8994459305431146,
        "revenue": 379545.9455050151,
        "roas": 197.31016628096057,
        "cpa": 49330.09945442933
      },
      {
        "date": "2025-11-07",
        "cost": 255375.7611727193,
        "impressions": 8911.97616724352,
        "clicks": 331.9379592204483,
        "conversions": 3.2420301490423187,
        "revenue": 142686.2865466252,
        "roas": 55.873073423801415,
        "cpa": 78770.32273995236
      },
      {
        "date": "2025-11-08",
        "cost": 230971.0696956821,
        "impressions": 7011.840262070684,
        "clicks": 366.30037776958113,
        "conversions": 2.196980090232634,
        "revenue": 192527.8212652926,
        "roas": 83.35581660463333,
        "cpa": 105131.16196297662
      },
      {
        "date": "2025-11-09",
        "cost": 182792.52049240985,
        "impressions": 3873.732988489507,
        "clicks": 315.4002737628713,
        "conversions": 1.828355443330253,
        "revenue": 190028.9715214927,
        "roas": 103.95883322227256,
        "cpa": 99976.46855770174
      },
      {
        "date": "2025-11-10",
        "cost": 105193.13148995186,
        "impressions": 1280.8082667489798,
        "clicks": 112.66219119282324,
        "conversions": 3.557174931640043,
        "revenue": 319229.00318611483,
        "roas": 303.46943632589534,
        "cpa": 29572.09963285453
      },
      {
        "date": "2025-11-11",
        "cost": 204066.43615294463,
        "impressions": 5485.652837702631,
        "clicks": 253.4294390148068,
        "conversions": 1.0462093988904817,
        "revenue": 57884.85677593027,
        "roas": 28.36569201049136,
        "cpa": 195053.14745724868
      },
      {
        "date": "2025-11-12",
        "cost": 161766.9020922652,
        "impressions": 3400.1840748003697,
        "clicks": 177.83789373517698,
        "conversions": 4.453347810685039,
        "revenue": 530564.7700580831,
        "roas": 327.9810413600372,
        "cpa": 36324.7850761024
      },
      {
        "date": "2025-11-13",
        "cost": 214771.98931929652,
        "impressions": 5499.363611713947,
        "clicks": 307.95545532267795,
        "conversions": 2.587702796881036,
        "revenue": 353075.7166894858,
        "roas": 164.3956075503758,
        "cpa": 82997.16241685936
      },
      {
        "date": "2025-11-14",
        "cost": 304732.3254186687,
        "impressions": 11557.514397703855,
        "clicks": 528.1812599760019,
        "conversions": 1.9648876309048784,
        "revenue": 131301.11911483598,
        "roas": 43.08736164909406,
        "cpa": 155088.93263190426
      },
      {
        "date": "2025-11-17",
        "cost": 215832.23760473903,
        "impressions": 5681.791523130945,
        "clicks": 424.5332643532776,
        "conversions": 2.9796674025680625,
        "revenue": 373309.09338975255,
        "roas": 172.9626201964353,
        "cpa": 72435.00983321876
      },
      {
        "date": "2025-11-18",
        "cost": 325534.85269648186,
        "impressions": 9969.54131806879,
        "clicks": 578.0793789879846,
        "conversions": 0.8990951835285825,
        "revenue": 141276.2867760074,
        "roas": 43.39820624605403,
        "cpa": 362069.3989471616
      },
      {
        "date": "2025-11-19",
        "cost": 288173.74295659544,
        "impressions": 7740.960133456425,
        "clicks": 501.0018742040296,
        "conversions": 4.8235440622344905,
        "revenue": 647066.1220875969,
        "roas": 224.54027748983967,
        "cpa": 59743.15549697704
      },
      {
        "date": "2025-11-20",
        "cost": 339933.31101846654,
        "impressions": 9503.960094524908,
        "clicks": 615.597686657412,
        "conversions": 3.547231930595683,
        "revenue": 506136.6765733219,
        "roas": 148.89293286877276,
        "cpa": 95830.5849940243
      },
      {
        "date": "2025-11-21",
        "cost": 422462.3966181692,
        "impressions": 15076.240934703448,
        "clicks": 807.2626357801078,
        "conversions": 3.564840221702568,
        "revenue": 323625.476103032,
        "roas": 76.6045637892671,
        "cpa": 118508.08741615944
      },
      {
        "date": "2025-11-22",
        "cost": 409127.0888635475,
        "impressions": 13431.459940078495,
        "clicks": 851.7530558492404,
        "conversions": 3.316165132843921,
        "revenue": 432453.4240237591,
        "roas": 105.70148880266186,
        "cpa": 123373.55724884628
      },
      {
        "date": "2025-11-23",
        "cost": 363155.9605581403,
        "impressions": 10257.012591911434,
        "clicks": 791.3842261117703,
        "conversions": 3.834472928863249,
        "revenue": 492002.58330958337,
        "roas": 135.47969378043985,
        "cpa": 94708.18214012009
      },
      {
        "date": "2025-11-24",
        "cost": 278935.5945635268,
        "impressions": 7394.641347597138,
        "clicks": 561.0103266544925,
        "conversions": 6.499498556521799,
        "revenue": 683990.9540211575,
        "roas": 245.21465433318173,
        "cpa": 42916.47919263466
      },
      {
        "date": "2025-11-25",
        "cost": 362883.6323175778,
        "impressions": 11168.917764028623,
        "clicks": 658.5642307819405,
        "conversions": 4.921653804221696,
        "revenue": 482953.971719418,
        "roas": 133.0878355231962,
        "cpa": 73732.05161368797
      },
      {
        "date": "2025-11-26",
        "cost": 298391.658556712,
        "impressions": 8573.809867862396,
        "clicks": 527.8907691861943,
        "conversions": 9.195049506323173,
        "revenue": 1009189.1212483352,
        "roas": 338.2095619326872,
        "cpa": 32451.337902152307
      },
      {
        "date": "2025-11-27",
        "cost": 323491.24602764274,
        "impressions": 10172.419098446691,
        "clicks": 595.7929337319379,
        "conversions": 8.053549253173637,
        "revenue": 873049.5582180868,
        "roas": 269.8835189325289,
        "cpa": 40167.53804543575
      },
      {
        "date": "2025-11-28",
        "cost": 381888.2644902156,
        "impressions": 15828.80264180042,
        "clicks": 752.2857971328289,
        "conversions": 7.926334533094968,
        "revenue": 673672.5820959324,
        "roas": 176.40567797892953,
        "cpa": 48179.68039270997
      },
      {
        "date": "2025-11-29",
        "cost": 349155.14896448306,
        "impressions": 14551.050835578995,
        "clicks": 777.6604256154776,
        "conversions": 7.183657571773523,
        "revenue": 737116.2075987563,
        "roas": 211.1142309614737,
        "cpa": 48604.09136654917
      },
      {
        "date": "2025-11-30",
        "cost": 290805.58763899456,
        "impressions": 12046.255763949848,
        "clicks": 718.4735215880314,
        "conversions": 6.786581633869792,
        "revenue": 715110.8089047838,
        "roas": 245.9068323654499,
        "cpa": 42850.083197654494
      },
      {
        "date": "2025-12-01",
        "cost": 203511.32906695176,
        "impressions": 10158.714313543953,
        "clicks": 513.3148887190308,
        "conversions": 8.041641447009395,
        "revenue": 781051.8970784014,
        "roas": 383.78792014151145,
        "cpa": 25307.187644213554
      },
      {
        "date": "2025-12-02",
        "cost": 295890.5422014345,
        "impressions": 15196.528428590953,
        "clicks": 663.1389106357539,
        "conversions": 4.486973373371768,
        "revenue": 400645.2880777109,
        "roas": 135.40320859764486,
        "cpa": 65944.34991689854
      },
      {
        "date": "2025-12-03",
        "cost": 253362.56368646177,
        "impressions": 14116.919180395384,
        "clicks": 613.901814208602,
        "conversions": 6.147492713674144,
        "revenue": 685061.0185127396,
        "roas": 270.3876249691364,
        "cpa": 41213.96730131881
      },
      {
        "date": "2025-12-04",
        "cost": 315725.12394847604,
        "impressions": 17425.42660979618,
        "clicks": 793.4322974373338,
        "conversions": 1.6932978540840369,
        "revenue": 235480.15890881,
        "roas": 74.58391526270762,
        "cpa": 186455.75153065004
      },
      {
        "date": "2025-12-05",
        "cost": 428102.0913789992,
        "impressions": 24907.97787400436,
        "clicks": 1091.538098509407,
        "conversions": 0.0,
        "revenue": 0.0,
        "roas": 0.0,
        "cpa": 0.0
      },
      {
        "date": "2025-12-06",
        "cost": 467054.4431015903,
        "impressions": 25475.03589172013,
        "clicks": 1286.9579832144652,
        "conversions": 0.0,
        "revenue": 0.0,
        "roas": 0.0,
        "cpa": 0.0
      },
      {
        "date": "2025-12-07",
        "cost": 498581.9201296273,
        "impressions": 24718.48032548935,
        "clicks": 1423.2812086866888,
        "conversions": 0.0,
        "revenue": 0.0,
        "roas": 0.0,
        "cpa": 0.0
      },
      {
        "date": "2025-12-08",
        "cost": 519277.95025719085,
        "impressions": 24352.55131628881,
        "clicks": 1434.691739226717,
        "conversions": 0.0,
        "revenue": 0.0,
        "roas": 0.0,
        "cpa": 0.0
      },
      {
        "date": "2025-12-09",
        "cost": 737069.9444833561,
        "impressions": 30543.9763600884,
        "clicks": 1816.327220433488,
        "conversions": 0.0,
        "revenue": 0.0,
        "roas": 0.0,
        "cpa": 0.0
      },
      {
        "date": "2025-12-10",
        "cost": 836042.1676402957,
        "impressions": 30101.525152501672,
        "clicks": 2006.9967372288177,
        "conversions": 0.0,
        "revenue": 0.0,
        "roas": 0.0,
        "cpa": 0.0
      },
      {
        "date": "2025-12-11",
        "cost": 1053999.246538867,
        "impressions": 33380.06415039812,
        "clicks": 2426.18548262888,
        "conversions": 0.0,
        "revenue": 0.0,
        "roas": 0.0,
        "cpa": 0.0
      },
      {
        "date": "2025-12-12",
        "cost": 1333419.8530072304,
        "impressions": 40017.96674971076,
        "clicks": 2954.347657134931,
        "conversions": 0.0,
        "revenue": 0.0,
        "roas": 0.0,
        "cpa": 0.0
      },
      {
        "date": "2025-12-13",
        "cost": 1547594.22736721,
        "impressions": 38786.94117795522,
        "clicks": 3360.093976999482,
        "conversions": 0.0,
        "revenue": 0.0,
        "roas": 0.0,
        "cpa": 0.0
      },
      {
        "date": "2025-12-14",
        "cost": 1758673.3633260764,
        "impressions": 35154.75821452947,
        "clicks": 3676.3909284875617,
        "conversions": 0.0,
        "revenue": 0.0,
        "roas": 0.0,
        "cpa": 0.0
      },
      {
        "date": "2025-12-15",
        "cost": 1958892.170660272,
        "impressions": 30732.02443348088,
        "clicks": 3826.6223830086014,
        "conversions": 0.0,
        "revenue": 0.0,
        "roas": 0.0,
        "cpa": 0.0
      },
      {
        "date": "2025-12-16",
        "cost": 2351397.8062330578,
        "impressions": 31607.926948932127,
        "clicks": 4295.295320253832,
        "conversions": 0.0,
        "revenue": 0.0,
        "roas": 0.0,
        "cpa": 0.0
      },
      {
        "date": "2025-12-17",
        "cost": 2615178.8117494853,
        "impressions": 24544.99623035868,
        "clicks": 4511.124027749051,
        "conversions": 0.0,
        "revenue": 0.0,
        "roas": 0.0,
        "cpa": 0.0
      },
      {
        "date": "2025-12-18",
        "cost": 2982750.9334432813,
        "impressions": 19887.76280940401,
        "clicks": 4884.410100760228,
        "conversions": 0.0,
        "revenue": 0.0,
        "roas": 0.0,
        "cpa": 0.0
      },
      {
        "date": "2025-12-19",
        "cost": 3391246.388164968,
        "impressions": 17303.976567832397,
        "clicks": 5287.707914341042,
        "conversions": 0.0,
        "revenue": 0.0,
        "roas": 0.0,
        "cpa": 0.0
      },
      {
        "date": "2025-12-20",
        "cost": 3708696.943921267,
        "impressions": 5637.27854767561,
        "clicks": 5483.369790100701,
        "conversions": 0.0,
        "revenue": 0.0,
        "roas": 0.0,
        "cpa": 0.0
      },
      {
        "date": "2025-12-21",
        "cost": 3992234.892226148,
        "impressions": 0.0,
        "clicks": 5500.075700159058,
        "conversions": 0.0,
        "revenue": 0.0,
        "roas": 0.0,
        "cpa": 0.0
      },
      {
        "date": "2025-12-22",
        "cost": 4229470.133125594,
        "impressions": 0.0,
        "clicks": 5259.186074553644,
        "conversions": 0.0,
        "revenue": 0.0,
        "roas": 0.0,
        "cpa": 0.0
      },
      {
        "date": "2025-12-23",
        "cost": 4619470.22453176,
        "impressions": 0.0,
        "clicks": 5245.688050516905,
        "conversions": 0.0,
        "revenue": 0.0,
        "roas": 0.0,
        "cpa": 0.0
      },
      {
        "date": "2025-12-24",
        "cost": 4837834.571023887,
        "impressions": 0.0,
        "clicks": 4891.459149603845,
        "conversions": 0.0,
        "revenue": 0.0,
        "roas": 0.0,
        "cpa": 0.0
      },
      {
        "date": "2025-12-25",
        "cost": 5114514.166796709,
        "impressions": 0.0,
        "clicks": 4612.756720983543,
        "conversions": 0.0,
        "revenue": 0.0,
        "roas": 0.0,
        "cpa": 0.0
      },
      {
        "date": "2025-12-26",
        "cost": 5385019.330405354,
        "impressions": 0.0,
        "clicks": 4290.915572587169,
        "conversions": 0.0,
        "revenue": 0.0,
        "roas": 0.0,
        "cpa": 0.0
      },
      {
        "date": "2025-12-27",
        "cost": 5516801.737824818,
        "impressions": 0.0,
        "clicks": 3699.842796872008,
        "conversions": 0.0,
        "revenue": 0.0,
        "roas": 0.0,
        "cpa": 0.0
      },
      {
        "date": "2025-12-28",
        "cost": 5567531.162594726,
        "impressions": 0.0,
        "clicks": 2882.411697261521,
        "conversions": 0.0,
        "revenue": 0.0,
        "roas": 0.0,
        "cpa": 0.0
      },
      {
        "date": "2025-12-29",
        "cost": 5526521.989021,
        "impressions": 0.0,
        "clicks": 1776.5929096032776,
        "conversions": 0.0,
        "revenue": 0.0,
        "roas": 0.0,
        "cpa": 0.0
      },
      {
        "date": "2025-12-30",
        "cost": 5595733.817849539,
        "impressions": 0.0,
        "clicks": 886.09516414226,
        "conversions": 0.0,
        "revenue": 0.0,
        "roas": 0.0,
        "cpa": 0.0
      },
      {
        "date": "2025-12-31",
        "cost": 5454835.524738682,
        "impressions": 0.0,
        "clicks": 0.0,
        "conversions": 0.0,
        "revenue": 0.0,
        "roas": 0.0,
        "cpa": 0.0
      },
      {
        "date": "2026-01-01",
        "cost": 5338983.165318608,
        "impressions": 0.0,
        "clicks": 0.0,
        "conversions": 0.0,
        "revenue": 0.0,
        "roas": 0.0,
        "cpa": 0.0
      },
      {
        "date": "2026-01-02",
        "cost": 5189953.9935066085,
        "impressions": 0.0,
        "clicks": 0.0,
        "conversions": 0.0,
        "revenue": 0.0,
        "roas": 0.0,
        "cpa": 0.0
      }
    ]
  },
  "seasonality_insights": [
    {
      "type": "best_day_overall",
      "message": "ì „ì²´ ê¸°ì¤€ ìˆ˜ìš”ì¼ì´ í‰ê·  ROAS 243.5%ë¡œ ê´‘ê³  íš¨ìœ¨ì´ ê°€ì¥ ë†’ìŠµë‹ˆë‹¤.",
      "severity": "opportunity",
      "day": "ìˆ˜ìš”ì¼",
      "value": 243.4906932287753,
      "avg_roas": 243.4906932287753,
      "avg_cost": 313515.2038840772,
      "avg_revenue": 763380.3433149479,
      "avg_conversions": 6.066618046813102,
      "avg_cpa": 51678.74447753837
    },
    {
      "type": "worst_day_overall",
      "message": "ì „ì²´ ê¸°ì¤€ í™”ìš”ì¼ì´ í‰ê·  ROAS 111.2%ë¡œ ê´‘ê³  íš¨ìœ¨ì´ ê°€ì¥ ë‚®ìŠµë‹ˆë‹¤. í•´ë‹¹ ìš”ì¼ ì˜ˆì‚° ì¬ê²€í† ë¥¼ ê¶Œì¥í•©ë‹ˆë‹¤.",
      "severity": "warning",
      "day": "í™”ìš”ì¼",
      "value": 111.22205953079984,
      "avg_roas": 111.22205953079984,
      "avg_cost": 343040.3963120781,
      "avg_revenue": 381536.5938009112,
      "avg_conversions": 3.457275980439773,
      "avg_cpa": 99222.74017258022
    },
    {
      "type": "best_cpa_day",
      "message": "ì›”ìš”ì¼ì´ í‰ê·  CPA 49,409ì›ìœ¼ë¡œ ì „í™˜ ë¹„ìš©ì´ ê°€ì¥ ë‚®ìŠµë‹ˆë‹¤.",
      "severity": "opportunity",
      "day": "ì›”ìš”ì¼",
      "value": 49409.10259825776,
      "avg_cpa": 49409.10259825776,
      "avg_conversions": 5.380103883330102,
      "avg_roas": 227.58834930720343
    },
    {
      "type": "worst_cpa_day",
      "message": "í™”ìš”ì¼ì´ í‰ê·  CPA 99,223ì›ìœ¼ë¡œ ì „í™˜ ë¹„ìš©ì´ ê°€ì¥ ë†’ìŠµë‹ˆë‹¤.",
      "severity": "warning",
      "day": "í™”ìš”ì¼",
      "value": 99222.74017258022,
      "avg_cpa": 99222.74017258022,
      "avg_conversions": 3.457275980439773,
      "avg_roas": 111.22205953079984
    },
    {
      "type": "weekday_better",
      "message": "ì£¼ì¤‘ í‰ê·  ROASê°€ ì£¼ë§ë³´ë‹¤ 23.4% ë†’ìŠµë‹ˆë‹¤. ì£¼ì¤‘ ì§‘ì¤‘ ìš´ì˜ì„ ê¶Œì¥í•©ë‹ˆë‹¤. (ì£¼ì¤‘ 177.6% vs ì£¼ë§ 143.9%)",
      "severity": "info",
      "weekday_avg_roas": 177.60162838304504,
      "weekend_avg_roas": 143.89060782992664,
      "weekday_avg_revenue": 576966.2360474572,
      "weekend_avg_revenue": 536389.2945026706,
      "weekday_avg_cost": 337757.2607922707,
      "weekend_avg_cost": 374169.35466575844,
      "weekday_avg_cpa": 70743.69688206523,
      "weekend_avg_cpa": 89325.83298726824,
      "weekday_avg_conversions": 4.979145013106571,
      "weekend_avg_conversions": 4.186607499780049,
      "diff_percent": 23.428228611671152
    },
    {
      "type": "best_day_ë©”íƒ€_ì „í™˜",
      "message": "ë©”íƒ€_ì „í™˜ì—ì„œ ëª©ìš”ì¼ì´ í‰ê·  ROAS 1.7%ë¡œ ìµœê³ ì…ë‹ˆë‹¤.",
      "severity": "info",
      "category": "ë©”íƒ€_ì „í™˜",
      "day": "ëª©ìš”ì¼",
      "value": 1.6844974490300166,
      "avg_roas": 1.6844974490300166,
      "avg_cost": 2795850.5849255687,
      "avg_revenue": 47096.031781762,
      "avg_cpa": 8255637.3002608605,
      "avg_conversions": 0.3386595708168073
    },
    {
      "type": "best_quarter",
      "message": "Q3(7~9ì›”)ì´ í‰ê·  ROAS 197.4%ë¡œ ê°€ì¥ íš¨ìœ¨ì ì¸ ë¶„ê¸°ì…ë‹ˆë‹¤.",
      "severity": "opportunity",
      "quarter": "Q3(7~9ì›”)",
      "avg_roas": 197.37732811207132,
      "avg_revenue": 766368.1981307548,
      "avg_cost": 388275.6978530021
    },
    {
      "type": "worst_quarter",
      "message": "Q4(10~12ì›”)ì´ í‰ê·  ROAS 124.6%ë¡œ íš¨ìœ¨ì´ ê°€ì¥ ë‚®ìŠµë‹ˆë‹¤. ì‹œì¦Œë³„ ì „ëµ ê²€í† ê°€ í•„ìš”í•©ë‹ˆë‹¤.",
      "severity": "warning",
      "quarter": "Q4(10~12ì›”)",
      "avg_roas": 124.60741265178764,
      "avg_revenue": 387083.6594242282,
      "avg_cost": 310642.562257451
    },
    {
      "type": "best_revenue_quarter",
      "message": "Q3(7~9ì›”)ì— í‰ê·  ì „í™˜ê°’ì´ 766,368ì›ìœ¼ë¡œ ê°€ì¥ ë†’ìŠµë‹ˆë‹¤. ì´ ì‹œê¸°ì— ì˜ˆì‚°ì„ ì§‘ì¤‘í•˜ëŠ” ê²ƒì„ ê¶Œì¥í•©ë‹ˆë‹¤.",
      "severity": "opportunity",
      "quarter": "Q3(7~9ì›”)",
      "avg_revenue": 766368.1981307548
    },
    {
      "type": "monthly_trend_up",
      "message": "9ì›”ì˜ ROASê°€ ì „ì›” ëŒ€ë¹„ 126.3%p ìƒìŠ¹í–ˆìŠµë‹ˆë‹¤. í˜„ì¬ ì „ëµì´ íš¨ê³¼ì ì…ë‹ˆë‹¤.",
      "severity": "opportunity",
      "current_month": "9ì›”",
      "prev_month": "8ì›”",
      "roas_change": 126.31473111890335,
      "current_roas": 261.80175045561657,
      "prev_roas": 135.48701933671322
    }
  ]
}